!Type:Bank 
D6/26/96
U50.00
T50.00
CX
POpening Balance
L[Checking - 2771]
^
D8/ 2/96
U567.00
T567.00
CX
PDeposit
MRent
LEli's Bills
^
D8/ 2/96
U23.09
T23.09
CX
PDeposit
MMetro Water Refund
LOther Inc
^
D8/ 2/96
U648.53
T648.53
CX
PDeposit
MTransfer from Union Planters
LTransfer
^
D8/ 2/96
U12.47
T12.47
CX
PDeposit
MMoney Left over from Vacation
LCash
^
D8/ 2/96
U-800.00
T-800.00
CX
N101
PCarol Boner
LRent
^
D8/ 2/96
U-36.00
T-36.00
CX
N102
PChuck Thompson
LFood
^
D8/ 4/96
U-30.00
T-30.00
CX
Ncard
PATM Withdrawal
LCash
^
D8/ 4/96
U-14.09
T-14.09
CX
N103
PKwik Sak
LAuto Fuel
^
D8/ 5/96
U-10.00
T-10.00
CX
PChecking Service Fee
LBank Chrg
^
D8/ 6/96
U-6.90
T-6.90
CX
Ncard
PCalypso Cafe
LDining
^
D8/ 6/96
U-3.18
T-3.18
CX
N104
PJohnson's Hardware
LHousehold
^
D8/ 6/96
U-54.44
T-54.44
CX
N105
PBell South
LTelephone
^
D8/ 6/96
U-27.64
T-27.64
CX
N106
PThe Tennesseean
LNewspaper
^
D8/ 6/96
U-48.83
T-48.83
CX
N107
PMetro Water
LUtilities
^
D8/ 6/96
U-116.82
T-116.82
CX
N108
PNES
LUtilities
^
D8/ 6/96
U-13.66
T-13.66
CX
N109
PNashville Gas
LUtilities
^
D8/ 6/96
U-32.37
T-32.37
CX
N110
PPrecision Tune
LAuto Serv
^
D8/ 6/96
U-72.28
T-72.28
CX
N111
PAuto Zone
LAuto Repair
^
D8/ 7/96
U-7.35
T-7.35
CX
N112
PKwik Sak
LBeer
^
D8/ 7/96
U-15.65
T-15.65
CX
N113
PAuto Zone
LAuto Repair
^
D8/ 8/96
U-10.00
T-10.00
CX
PATM Withdrawal
LCash
^
D8/ 8/96
U-5.94
T-5.94
CX
N114
PParts America
LAuto Repair
^
D8/ 9/96
U-15.75
T-15.75
CX
PAce of Clubs
LEntertain
^
D8/11/96
U-25.07
T-25.07
CX
N115
PPetsmart
LPet Supplies
^
D8/11/96
U-4.43
T-4.43
CX
N116
PKroger
LFood
^
D8/11/96
U0.00
T0.00
CX
N117
PVoid
^
D8/12/96
U320.00
T320.00
CX
PDeposit
L1sting Income:County Q
^
D8/12/96
U91.00
T91.00
CX
PDeposit
LEli's Bills
^
D8/12/96
U-64.00
T-64.00
CX
PTransfer to Savings
MTaxes On Income
L[Suntrust Saving]
^
D8/12/96
U-4.60
T-4.60
CX
N118
PThe Rice Bowl
LDining
^
D8/12/96
U-8.65
T-8.65
CX
N119
PKwik Sak
LBeer
^
D8/13/96
U-10.00
T-10.00
CX
PATM Withdrawal
LCash
^
D8/13/96
U-125.00
T-125.00
CX
N120
PBank Card Center
LCredit Card
^
D8/13/96
U-114.50
T-114.50
CX
N121
PStudent Loan Servicing Center
LStudent Loans
^
D8/13/96
U-14.59
T-14.59
CX
N122
PKroger
LFood
^
D8/13/96
U-7.35
T-7.35
CX
N123
PKwik Sak
LBeer
^
D8/13/96
U-4.32
T-4.32
CX
N124
PFamily Dollar
LHousehold
^
D8/15/96
U-10.00
T-10.00
CX
NCARD
PATM Withdrawal
LCash
^
D8/17/96
U90.98
T90.98
CX
PDeposit
LEli's Bills
^
D8/17/96
U470.00
T470.00
CX
PDeposit
L1sting Income:County Q
^
D8/17/96
U-94.00
T-94.00
CX
PTransfer to Savings
MTaxes On Income
L[Suntrust Saving]
^
D8/17/96
U-10.00
T-10.00
CX
PCASH
LCash
^
D8/17/96
U-6.50
T-6.50
CX
N125
PSub Depot
LDining
^
D8/17/96
U-8.65
T-8.65
CX
N126
PKwik Sak
LBeer
^
D8/18/96
U-4.63
T-4.63
CX
N127
PValue Plus
LFood
^
D8/20/96
U-13.78
T-13.78
CX
N128
PKwik Sak
LAuto Fuel
^
D8/20/96
U-58.00
T-58.00
CX
N129
PDavidson County Clerk
LAuto Serv
^
D8/21/96
U660.00
T660.00
CX
PDeposit
L1sting Income:Jay Vern's
^
D8/21/96
U-132.00
T-132.00
CX
PTransfer to Savings
MTaxes On Income
L[Suntrust Saving]
^
D8/21/96
U-7.78
T-7.78
CX
N130
PAmoco
LAuto Fuel
^
D8/21/96
U-448.59
T-448.59
CX
N131
PDiscover
LCredit Card
^
D8/21/96
U-42.71
T-42.71
CX
N132
PViacom
LCable Tv
^
D8/23/96
U220.00
T220.00
CX
PDeposit
L1sting Income:Jay Vern's
^
D8/23/96
U-44.00
T-44.00
CX
PTransfer to Savings
MTaxes On Income
L[Suntrust Saving]
^
D8/23/96
U-30.00
T-30.00
CX
Ncard
PExit In
LEntertain
^
D8/24/96
U-20.00
T-20.00
CX
PATM Withdrawal
LCash
^
D8/24/96
U-1.00
T-1.00
CX
PATM Fee
LBastards
^
D8/25/96
U-7.35
T-7.35
CX
N133
PKwik Sak
LBeer
^
D8/26/96
U220.00
T220.00
CX
PDeposit
L1sting Income:Jay Vern's
^
D8/26/96
U-44.00
T-44.00
CX
PTransfer to Savings
MTaxes On Income
L[Suntrust Saving]
^
D8/26/96
U-20.00
T-20.00
CX
PCash
LCash
^
D8/26/96
U-32.03
T-32.03
CX
Ncard
PTGI Friday's
LDining
^
D8/26/96
U-13.59
T-13.59
CX
Ncard
POpryland Hotel
LDining
^
D8/26/96
U-3.59
T-3.59
CX
Ncard
PSteven's Grocery
MApproximate
LFood
^
D8/26/96
U-45.59
T-45.59
CX
N134
PKroger
LFood
^
D8/29/96
U-2.05
T-2.05
CX
N135
PPetsmart
LPet Supplies
^
D8/29/96
U-10.38
T-10.38
CX
N136
PPetsmart
LPet Supplies
^
D8/30/96
U-3.12
T-3.12
CX
Ncard
PSteven's Grocery
LFood
^
D9/ 1/96
U-28.75
T-28.75
CX
Ncard
PYoung Ave Deli
LDining
^
D9/ 2/96
U-12.67
T-12.67
CX
Ncard
PJOC INC 3
LAuto Fuel
^
D9/ 2/96
U-20.00
T-20.00
CX
PATM Withdrawal
LCash
^
D9/ 2/96
U-1.00
T-1.00
CX
PATM Fee
LBastards
^
D9/ 3/96
U554.00
T554.00
CX
PDeposit
LEli's Bills
^
D9/ 3/96
U290.00
T290.00
CX
PDeposit
L1sting Income:County Q
^
D9/ 3/96
U45.00
T45.00
CX
PDeposit
L1sting Income:Jay Vern's
^
D9/ 3/96
U-67.00
T-67.00
CX
PTransfer to Savings
MTaxes On Income
L[Suntrust Saving]
^
D9/ 3/96
U-800.00
T-800.00
CX
N137
PCarol Boner
LRent
^
D9/ 3/96
U-25.00
T-25.00
CX
N138
PSierra Club
LCharity
^
D9/ 3/96
U-7.35
T-7.35
CX
N139
PKwik Sak
^
D9/ 4/96
U-76.88
T-76.88
CX
N140
PNational Insurance Assoc.
LAuto Insurance
^
D9/ 5/96
U-10.00
T-10.00
CX
PChecking Service Fee
LBank Chrg
^
D9/ 6/96
U-7.35
T-7.35
CX
Ncard
PKwik Sak
LBeer
^
D9/ 6/96
U-12.29
T-12.29
CX
Ncard
PProvence
LDining
^
D9/ 7/96
U-23.18
T-23.18
CX
Ncard
PKwik Sak
LAuto Fuel
^
D9/ 7/96
U-18.43
T-18.43
CX
Ncard
PBoscoe's
LDining
^
D9/ 7/96
U-120.00
T-120.00
CX
PATM Withdrawal
LCash
^
D9/10/96
U-17.85
T-17.85
CX
N141
PKroger
LFood
^
D9/10/96
U-31.37
T-31.37
CX
N142
PBerry Hill Liquors
LBeer
^
D9/12/96
U-85.22
T-85.22
CX
N143
PBell South
LTelephone
^
D9/12/96
U-103.23
T-103.23
CX
N144
PNES
LUtilities
^
D9/12/96
U-34.04
T-34.04
CX
N145
PMetro Water
LUtilities
^
D9/12/96
U-39.96
T-39.96
CX
N146
PIntermedia
LCable Tv
^
D9/12/96
U-6.35
T-6.35
CX
N147
PNashville Gas
LUtilities
^
D9/13/96
U88.33
T88.33
CX
PDeposit
LEli's Bills
^
D9/13/96
U75.00
T75.00
CX
PDeposit
L1sting Income:County Q
^
D9/13/96
U295.00
T295.00
CX
PDeposit
L1sting Income:County Q
^
D9/13/96
U-74.00
T-74.00
CX
PTransfer to Savings
MTaxes On Income
L[Suntrust Saving]
^
D9/14/96
U-20.00
T-20.00
CX
PATM Withdrawal
LCash
^
D9/14/96
U-7.76
T-7.76
CX
Ncard
PKroger
LFood
^
D9/16/96
U91.24
T91.24
CX
PDeposit
LEli's Bills
^
D9/16/96
U120.00
T120.00
CX
PDeposit
L1sting Income:Independent
^
D9/16/96
U50.00
T50.00
CX
PDeposit
LMastering
^
D9/16/96
U110.00
T110.00
CX
PDeposit
LDeposit Refunds
^
D9/16/96
U-34.00
T-34.00
CX
PTransfer to Savings
MTaxes On Income
L[Suntrust Saving]
^
D9/16/96
U-100.00
T-100.00
CX
N148
PStudent Loan Servicing Center
LStudent Loans
^
D9/16/96
U-4.60
T-4.60
CX
N149
PRice Bowl
LDining
^
D9/17/96
U3.59
T3.59
CX
PBalance Adjustment
LBad Records
^
D9/17/96
U-18.00
T-18.00
CX
N150
PChuck Thompson
LFood
^
D9/18/96
U-11.66
T-11.66
CX
N151
PKroger
LFood
^
D9/18/96
U-13.48
T-13.48
CX
N152
PKwik Sak
LAuto Fuel
^
D9/19/96
U-27.18
T-27.18
CX
Ncard
PRio Bravo
LDining
^
D9/20/96
U-25.00
T-25.00
CX
POppenheimer
LInvest Exp
^
D9/21/96
U-16.09
T-16.09
CX
Ncard
PMapco Express
LAuto Fuel
^
D9/23/96
U905.00
T905.00
CX
PDeposit
L1sting Income:County Q
^
D9/23/96
U-180.00
T-180.00
CX
PTransfer to Savings
MTaxes On Income
L[Suntrust Saving]
^
D9/23/96
U-200.00
T-200.00
CX
PSavings Deposit
L[Suntrust Saving]
^
D9/23/96
U-20.00
T-20.00
CX
PCash
LCash
^
D9/23/96
U-10.15
T-10.15
CX
Ncard
PMapco
LBeer
^
D9/23/96
U-506.56
T-506.56
CX
N153
PDiscover
LCredit Card
^
D9/25/96
U-50.00
T-50.00
CX
PAIM Mutual Fund
LInvest Exp
^
D9/25/96
U-408.00
T-408.00
CX
N154
PIRS
LTax Fed
^
D9/25/96
U-30.00
T-30.00
CX
N155
PChuck Thompson
LFood
^
D9/26/96
U-4.74
T-4.74
CX
Ncard
PBP
LFood
^
D9/26/96
U-10.90
T-10.90
CX
N156
PKroger
LFood
^
D9/27/96
U300.00
T300.00
CX
PTransfer to Checking
L[Suntrust Saving]
^
D9/27/96
U365.00
T365.00
CX
PDeposit
L1sting Income:Jay Vern's
^
D9/27/96
U60.00
T60.00
CX
PDeposit
L1sting Income:Independent
^
D9/27/96
U-77.00
T-77.00
CX
PTransfer to Savings
MTaxes On Income
L[Suntrust Saving]
^
D9/28/96
U-22.66
T-22.66
CX
Ncard
PKwik Sak
LAuto Fuel
^
D9/28/96
U-4.60
T-4.60
CX
N157
PThe Rice Bowl
LDining
^
D9/29/96
U-1.17
T-1.17
CX
N158
PRevco
LFood
^
D9/30/96
U320.00
T320.00
CX
PDeposit
L1sting Income:County Q
^
D9/30/96
U210.00
T210.00
CX
PDeposit
LEli's Bills
^
D9/30/96
U-64.00
T-64.00
CX
PTransfer to Savings
MTaxes On Income
L[Suntrust Saving]
^
D10/ 1/96
U-10.05
T-10.05
CX
Ncard
PMapco
LBeer
^
D10/ 1/96
U-6.24
T-6.24
CX
N160
PLowe's
LHousehold
^
D10/ 1/96
U-15.65
T-15.65
CX
N161
PRadio Shack
LHousehold
^
D10/ 2/96
U283.00
T283.00
CX
PDeposit
LEli's Bills
^
D10/ 2/96
U-6.33
T-6.33
CX
N162
PNashville Pet Products
LPet Supplies
^
D10/ 2/96
U-850.00
T-850.00
CX
N163
PCarol Boner
LRent
^
D10/ 2/96
U-17.86
T-17.86
CX
N164
PKroger
LFood
^
D10/ 2/96
U-6.11
T-6.11
CX
N165
PAuto Zone
LAuto Repair
^
D10/ 2/96
U-15.90
T-15.90
CX
N166
PGaribaldi's
LDining
^
D10/ 3/96
U-34.36
T-34.36
CX
Ncard
PCat's Music
LCDs
^
D10/ 3/96
U-5.00
T-5.00
CX
Ncard
PCitgo
^
D10/ 3/96
U-15.61
T-15.61
CX
Ncard
PMapco Express
LAuto Fuel
^
D10/ 3/96
U-5.95
T-5.95
CX
N167
PVideo Place
LMovie Rental
^
D10/ 3/96
U-4.09
T-4.09
CX
N168
PKroger
LFood
^
D10/ 4/96
U-10.00
T-10.00
CX
PChecking Service Fee
LBank Chrg
^
D10/ 4/96
U-5.29
T-5.29
CX
N169
PKroger
LFood
^
D10/ 7/96
U283.00
T283.00
CX
PDeposit
LEli's Bills
^
D10/ 7/96
U70.00
T70.00
CX
PDeposit
LEli's Bills
^
D10/ 7/96
U470.00
T470.00
CX
PDeposit
L1sting Income
^
D10/ 7/96
U-94.00
T-94.00
CX
PTransfer to Savings
MTaxes On Income
L[Suntrust Saving]
^
D10/ 7/96
U-45.43
T-45.43
CX
N170
PUpton's
LClothing
^
D10/ 7/96
U-7.00
T-7.00
CX
N171
PSubs & More
LDining
^
D10/ 7/96
U-22.71
T-22.71
CX
N172
PKmart
LClothing
^
D10/ 7/96
U-7.57
T-7.57
CX
N173
PKroger
LBeer
^
D10/ 7/96
U-17.16
T-17.16
CX
N174
PA+ Communications
LBeeper
^
D10/ 7/96
U-100.00
T-100.00
CX
N175
PStudent Loan Servicing Center
LStudent Loans
^
D10/ 8/96
U-29.73
T-29.73
CX
Ncard
PTarget
LHousehold
^
D10/ 8/96
U-30.00
T-30.00
CX
PATM Withdrawal
LCash
^
D10/ 8/96
U-2.50
T-2.50
CX
PATM Fee
LBastards
^
D10/ 8/96
U-13.12
T-13.12
CX
Ncard
PKwik Sak
LAuto Fuel
^
D10/ 8/96
U-25.90
T-25.90
CX
Ncard
PLechter's
MPam's Kitchen Stuff
LHousehold
^
D10/ 8/96
U-6.40
T-6.40
CX
N176
PUSPS
LHousehold
^
D10/ 8/96
U-12.22
T-12.22
CX
N177
PKroger
LFood
^
D10/ 9/96
U-44.36
T-44.36
CX
N178
PAuto Zone
LAuto Repair
^
D10/10/96
U-12.22
T-12.22
CX
N179
PKroger
LFood
^
D10/12/96
U-28.14
T-28.14
CX
N180
PBerry Hill Liquors
LBeer
^
D10/12/96
U-5.08
T-5.08
CX
N181
PKroger
LBeer
^
D10/12/96
U-12.97
T-12.97
CX
N182
PFriedman's
LCamping Supp
^
D10/13/96
U-49.69
T-49.69
CX
Ncard
P101st Airborne
LDining
^
D10/14/96
U-59.81
T-59.81
CX
N183
PNational Insurance Association
LAuto Insurance
^
D10/14/96
U-10.12
T-10.12
CX
N184
PNashville Gas
LUtilities
^
D10/14/96
U-41.43
T-41.43
CX
N185
PMetro Water
LUtilities
^
D10/14/96
U-45.31
T-45.31
CX
N186
PIntermedia
LCable Tv
^
D10/14/96
U-81.50
T-81.50
CX
N187
PNES
LUtilities
^
D10/14/96
U-62.50
T-62.50
CX
N188
PBell South
LTelephone
^
D10/14/96
U-204.32
T-204.32
CX
N189
PAmerican National
LHealth Ins
^
D10/15/96
U230.00
T230.00
CX
PDeposit
L1sting Income:County Q
^
D10/15/96
U120.00
T120.00
CX
PDeposit
L1sting Income:Jay Vern's
^
D10/15/96
U-70.00
T-70.00
CX
PTransfer to Savings
MTaxes On Income
L[Suntrust Saving]
^
D10/15/96
U-6.32
T-6.32
CX
N190
PPetsmart
LPet Supplies
^
D10/15/96
U-10.91
T-10.91
CX
N191
PKwik Sak
LBeer
^
D10/16/96
U-6.38
T-6.38
CX
N192
PLa Hacienda
LDining
^
D10/17/96
U-4.68
T-4.68
CX
N193
PThe Rice Bowl
LDining
^
D10/17/96
U-8.65
T-8.65
CX
N194
Pkwik Sak
LBeer
^
D10/18/96
U-9.95
T-9.95
CX
PAdult Check
LEngineer Exp
^
D10/18/96
U-2.05
T-2.05
CX
N195
PValue Plus
LPet Supplies
^
D10/20/96
U-10.48
T-10.48
CX
N196
PKroger
LFood
^
D10/21/96
U-25.00
T-25.00
CX
POppenheimer
LInvest Exp
^
D10/21/96
U-4.60
T-4.60
CX
N197
PThe Rice Bowl
LDining
^
D10/22/96
U69.59
T69.59
CX
PDeposit
LEli's Bills
^
D10/22/96
U235.00
T235.00
CX
PDeposit
L1sting Income:County Q
^
D10/22/96
U100.00
T100.00
CX
PDeposit
MMom Health Ins
LGift Received
^
D10/22/96
U-48.00
T-48.00
CX
PTransfer to Savings
MTaxes On Income
L[Suntrust Saving]
^
D10/22/96
U-12.45
T-12.45
CX
N198
PMusic Man
LMusical Expense
^
D10/22/96
U-22.71
T-22.71
CX
N199
PTower Records
LCDs
^
D10/22/96
U-14.06
T-14.06
CX
N200
PBlockbuster
LCDs
^
D10/22/96
U-4.60
T-4.60
CX
N201
PThe Rice Bowl
LDining
^
D10/23/96
U-10.55
T-10.55
CX
N202
PKwik Sak
LAuto Fuel
^
D10/23/96
U-20.30
T-20.30
CX
N203
PJC Penny
LClothing
^
D10/23/96
U-12.98
T-12.98
CX
N204
PMedia Play
LCDs
^
D10/23/96
U-12.43
T-12.43
CX
N205
PKwik Sak
LBeer
^
D10/24/96
U-68.71
T-68.71
CX
Ncard
PBoscoe's
LDining
^
D10/24/96
U-9.73
T-9.73
CX
N206
PBerry Hill Liquor
LBeer
^
D10/25/96
U850.00
T850.00
CX
PDeposit
L1sting Income:County Q
^
D10/25/96
U-170.00
T-170.00
CX
PTransfer to Savings
MTaxes On Income
L[Suntrust Saving]
^
D10/25/96
U-10.00
T-10.00
CX
PCash
LCash
^
D10/25/96
U-19.84
T-19.84
CX
N207
PThe Tennessean
LSubscriptions
^
D10/25/96
U-536.00
T-536.00
CX
N208
PDiscover
LTravel Expense
^
D10/26/96
U-4.60
T-4.60
CX
N209
PThe Rice Bowl
LDining
^
D10/26/96
U-15.12
T-15.12
CX
N210
PKroger
LFood
^
D10/27/96
U-12.94
T-12.94
CX
N211
PJohnson's Hardware
LHousehold
^
D10/29/96
U-60.00
T-60.00
CX
N212
PPamela Edwards
LGifts
^
D10/29/96
U-15.96
T-15.96
CX
N213
PKroger
LFood
^
D10/30/96
U-21.64
T-21.64
CX
N214
PKmart
LClothing
^
D10/31/96
U-86.82
T-86.82
CX
Ncard
PBasil's Cafe
LDining
^
D11/ 4/96
U670.00
T670.00
CX
PDeposit
L1sting Income:County Q
^
D11/ 4/96
U85.00
T85.00
CX
PDeposit
L1sting Income:County Q
^
D11/ 4/96
U20.00
T20.00
CX
PDeposit
L1sting Income:Jay Vern's
^
D11/ 4/96
U309.00
T309.00
CX
PDeposit
LEli's Bills
^
D11/ 4/96
U-196.00
T-196.00
CX
PTransfer to Savings
MTaxes On Income
L[Suntrust Saving]
^
D11/ 4/96
U-10.00
T-10.00
CX
PSuntrust
LBank Chrg
^
D11/ 4/96
U-10.71
T-10.71
CX
N215
PPetsmart
LPet Supplies
^
D11/ 4/96
U-850.00
T-850.00
CX
N216
PCarol Boner
LRent
^
D11/ 4/96
U-11.60
T-11.60
CX
N217
PJohnson's Hardware
LHousehold
^
D11/ 5/96
U-10.40
T-10.40
CX
N218
PValue Plus
LFood
^
D11/ 7/96
U283.00
T283.00
CX
PDeposit
LEli's Bills
^
D11/ 7/96
U-11.75
T-11.75
CX
Ncard
PKwik Sak
LAuto Fuel
^
D11/ 7/96
U-10.06
T-10.06
CX
N219
PBank Card Center
LCredit Card
^
D11/ 8/96
U-18.30
T-18.30
CX
Ncard
PHuey's Midtown
LDining
^
D11/ 9/96
U-5.00
T-5.00
CX
Ncard
POil City
LAuto Fuel
^
D11/ 9/96
U-69.25
T-69.25
CX
Ncard
PNeil's
LDining
^
D11/10/96
U-12.53
T-12.53
CX
Ncard
PSpeedway
LAuto Fuel
^
D11/10/96
U-11.00
T-11.00
CX
Ncard
PKwik Sak
LAuto Fuel
^
D11/10/96
U-12.67
T-12.67
CX
Ncard
PMapco Express
LAuto Fuel
^
D11/11/96
U-8.32
T-8.32
CX
Ncard
PKwik Sak
LBeer
^
D11/11/96
U-90.88
T-90.88
CX
Ncard
PMitchell's Formal Wear
MTom's Wedding Tux Rental
LClothing
^
D11/11/96
U-15.11
T-15.11
CX
N220
PPetsmart
LPet Supplies
^
D11/11/96
U-3.99
T-3.99
CX
N221
PValue Plus
LFood
^
D11/11/96
U-59.81
T-59.81
CX
N222
PNational Insurance Association
LAuto Insurance
^
D11/11/96
U-19.16
T-19.16
CX
N223
PA+ Communications
LBeeper
^
D11/11/96
U-48.83
T-48.83
CX
N224
PMetro Water
LUtilities
^
D11/13/96
U50.00
T50.00
CX
PDeposit
LMastering
^
D11/13/96
U110.00
T110.00
CX
PDeposit
L1sting Income:County Q
^
D11/13/96
U78.00
T78.00
CX
PDeposit
LEli's Bills
^
D11/13/96
U-32.00
T-32.00
CX
PTransfer to Savings
MTaxes On Income
L[Suntrust Saving]
^
D11/13/96
U-5.01
T-5.01
CX
Ncard
PCitgo
LAuto Fuel
^
D11/13/96
U-5.95
T-5.95
CX
N225
PVideo Place
LMovie Rental
^
D11/14/96
U-10.00
T-10.00
CX
PATM Withdrawal
LCash
^
D11/14/96
U-9.98
T-9.98
CX
Ncard
PKroger
LFood
^
D11/15/96
U-9.40
T-9.40
CX
Ncard
PKwik Sak
LBeer
^
D11/15/96
U-27.60
T-27.60
CX
N226
PNashville Pet Products
LPet Supplies
^
D11/16/96
U-5.19
T-5.19
CX
Ncard
PScot Market
LBeer
^
D11/16/96
U-10.00
T-10.00
CX
PATM Withdrawal
LCash
^
D11/16/96
U-64.47
T-64.47
CX
N227
PBell South
LTelephone
^
D11/16/96
U-56.01
T-56.01
CX
N228
PIntermedia
LCable Tv
^
D11/16/96
U-26.67
T-26.67
CX
N229
PNashville Gas
LUtilities
^
D11/16/96
U-55.97
T-55.97
CX
N230
PNES
LUtilities
^
D11/18/96
U131.25
T131.25
CX
PDeposit
L1sting Income:Jay Vern's
^
D11/18/96
U27.60
T27.60
CX
PDeposit
LEli's Bills
^
D11/18/96
U36.01
T36.01
CX
PDeposit
LEli's Bills
^
D11/18/96
U-26.25
T-26.25
CX
PTransfer to Savings
MTaxes On Income
L[Suntrust Saving]
^
D11/18/96
U-16.00
T-16.00
CX
N231
PCalypso Cafe
LDining
^
D11/19/96
U200.00
T200.00
CX
PDeposit
L1sting Income:County Q
^
D11/19/96
U660.00
T660.00
CX
PTransfer to Checking
L[Suntrust Saving]
^
D11/19/96
U0.00
T0.00
CX
N232
PVOID
^
D11/19/96
U-14.22
T-14.22
CX
N233
PPetsmart
LPet Supplies
^
D11/19/96
U-447.66
T-447.66
CX
N234
PNashville Warehouse Tire
LAuto Serv
^
D11/19/96
U-300.00
T-300.00
CX
N235
PChuck Thompson
LGifts
^
D11/20/96
U-25.00
T-25.00
CX
POppenheimer
LInvest Exp
^
D11/20/96
U-14.02
T-14.02
CX
N236
PInternational Market
LDining
^
D11/20/96
U-46.32
T-46.32
CX
N237
PK&T Auto
LAuto Repair
^
D11/20/96
U-3.59
T-3.59
CX
N238
PK&T Auto
LAuto Repair
^
D11/21/96
U-3.59
T-3.59
CX
N239
PK&T Auto
LAuto Repair
^
D11/22/96
U-3.01
T-3.01
CX
Ncard
PCitgo
LAuto Fuel
^
D11/22/96
U-13.78
T-13.78
CX
Ncard
PKwik Sak
LAuto Fuel
^
D11/23/96
U-9.20
T-9.20
CX
N240
PRice Bowl
LDining
^
D11/23/96
U-14.73
T-14.73
CX
N241
PKroger
LFood
^
D11/24/96
U-54.00
T-54.00
CX
N242
PFairground Storage
LRent
^
D11/25/96
U354.00
T354.00
CX
PDeposit
LEli's Bills
^
D11/25/96
U-8.32
T-8.32
CX
Ncard
PKwik Sak
LBeer
^
D11/25/96
U-62.19
T-62.19
CX
N243
PK & T Auto Parts
LAuto Repair
^
D11/25/96
U-68.20
T-68.20
CX
N244
PCumberland Tire
LAuto Serv
^
D11/26/96
U-100.00
T-100.00
CX
N245
PStudent Loan Servicing Center
LStudent Loans
^
D11/27/96
U-32.48
T-32.48
CX
N246
PCybercast
LComputer Repair
^
D11/27/96
U-11.85
T-11.85
CX
N247
PPapa John's
LDining
^
D11/28/96
U-7.89
T-7.89
CX
Ncard
PKwik Sak
LBeer
^
D11/30/96
U-10.00
T-10.00
CX
PATM Withdrawal
LCash
^
D11/30/96
U-21.58
T-21.58
CX
Ncard
PLowe's
MChristmas Tree
LHousehold
^
D11/30/96
U-20.00
T-20.00
CX
N248
PJoanne Thompson
LFood
^
D12/ 3/96
U283.00
T283.00
CX
PDeposit
LEli's Bills
^
D12/ 3/96
U735.00
T735.00
CX
PDeposit
L1sting Income:County Q
^
D12/ 3/96
U100.25
T100.25
CX
PDeposit
L1sting Income:Independent
^
D12/ 3/96
U-167.05
T-167.05
CX
PTransfer to Savings
MTaxes On Income
L[Suntrust Saving]
^
D12/ 3/96
U-9.00
T-9.00
CX
N249
PChuck Thompson
LBeer
^
D12/ 4/96
U-10.00
T-10.00
CX
PSuntrust
LBank Chrg
^
D12/ 4/96
U-850.00
T-850.00
CX
N250
PCarol Boner
LRent
^
D12/ 5/96
U-5.19
T-5.19
CX
Ncard
PGas Station
LBeer
^
D12/ 5/96
U-6.39
T-6.39
CX
N251
PFish World
LPet Supplies
^
D12/ 5/96
U-15.92
T-15.92
CX
N252
PKroger
LFood
^
D12/ 5/96
U-59.81
T-59.81
CX
N253
PNational Insurance Association
LAuto Insurance
^
D12/ 5/96
U-100.00
T-100.00
CX
N254
PStudent Loan Servicing Center
LStudent Loans
^
D12/ 6/96
U-20.00
T-20.00
CX
PATM Withdrawal
LCash
^
D12/ 6/96
U-10.06
T-10.06
CX
N255
PAuto Zone
LAuto Repair
^
D12/ 7/96
U-8.32
T-8.32
CX
Ncard
PKwik Sak
LAuto Fuel
^
D12/ 7/96
U-4.60
T-4.60
CX
N256
PThe Rice Bowl
LDining
^
D12/ 9/96
U65.00
T65.00
CX
PDeposit
L1sting Income:County Q
^
D12/ 9/96
U265.00
T265.00
CX
PDeposit
LEli's Bills
^
D12/ 9/96
U-13.00
T-13.00
CX
PTransfer to Savings
MTaxes On Income
L[Suntrust Saving]
^
D12/ 9/96
U-15.31
T-15.31
CX
Ncard
PKwik Sak
LAuto Fuel
^
D12/10/96
U-4.60
T-4.60
CX
N257
PThe Rice Bowl
LDining
^
D12/10/96
U-12.78
T-12.78
CX
N258
PPetsmart
LPet Supplies
^
D12/11/96
U-7.58
T-7.58
CX
N259
PA+ Communications
LBeeper
^
D12/11/96
U-31.00
T-31.00
CX
N260
PAmoco
LCredit Card
^
D12/11/96
U-100.00
T-100.00
CX
N261
PDiscover
LCredit Card
^
D12/11/96
U-65.40
T-65.40
CX
N262
PBell South
LTelephone
^
D12/11/96
U-7.80
T-7.80
CX
N263
PThe Tennessean
LNewspaper
^
D12/11/96
U-62.42
T-62.42
CX
N264
PNashville Gas
LUtilities
^
D12/11/96
U-34.04
T-34.04
CX
N265
PMetro Water
LUtilities
^
D12/11/96
U-40.50
T-40.50
CX
N266
PIntermedia
LCable Tv
^
D12/11/96
U-55.55
T-55.55
CX
N267
PNES
LUtilities
^
D12/11/96
U-6.40
T-6.40
CX
N268
PUSPS
LHousehold
^
D12/12/96
U-4.86
T-4.86
CX
Ncard
PCone Oil
LAuto Fuel
^
D12/12/96
U-11.86
T-11.86
CX
N269
PValue Plus
LFood
^
D12/12/96
U-14.85
T-14.85
CX
N270
PKroger
LFood
^
D12/13/96
U91.57
T91.57
CX
PDeposit
LEli's Bills
^
D12/13/96
U135.00
T135.00
CX
PDeposit
L1sting Income:Jay Vern's
^
D12/13/96
U225.00
T225.00
CX
PDeposit
L1sting Income:County Q
^
D12/13/96
U-72.00
T-72.00
CX
PTransfer to Savings
MTaxes On Income
L[Suntrust Saving]
^
D12/13/96
U-40.00
T-40.00
CX
PATM Withdrawal
LCash
^
D12/13/96
U-37.32
T-37.32
CX
Ncard
PMarket Street
LDining
^
D12/16/96
U55.00
T55.00
CX
PDeposit
LEli's Bills
^
D12/16/96
U-140.39
T-140.39
CX
N271
PWalmart
LGifts
^
D12/16/96
U-14.04
T-14.04
CX
N272
PPapa John's
LDining
^
D12/17/96
U-4.60
T-4.60
CX
N273
PThe Rice Bowl
LDining
^
D12/19/96
U560.00
T560.00
CX
PDeposit
L1sting Income:Jay Vern's
^
D12/19/96
U300.00
T300.00
CX
PDeposit
L1sting Income:Independent
^
D12/19/96
U2.90
T2.90
CX
PBalance Adjustment
^
D12/19/96
U-172.00
T-172.00
CX
PTransfer to Savings
MTaxes On Income
L[Suntrust Saving]
^
D12/19/96
U-13.73
T-13.73
CX
N274
PKroger
LFood
^
D12/19/96
U-23.79
T-23.79
CX
N275
PBerry Hill Liquors
LBeer
^
D12/20/96
U140.00
T140.00
CX
PDeposit
L1sting Income:County Q
^
D12/20/96
U200.00
T200.00
CX
PDeposit
LGift Received
^
D12/20/96
U420.00
T420.00
CX
PDeposit
L1sting Income:Jay Vern's
^
D12/20/96
U-112.00
T-112.00
CX
PTransfer to Savings
MTaxes On Income
L[Suntrust Saving]
^
D12/20/96
U-25.00
T-25.00
CX
POppenheimer
LInvest Exp
^
D12/20/96
U-45.67
T-45.67
CX
N276
PUnion Planters
LBad Records
^
D12/20/96
U-3.25
T-3.25
CX
N277
PThe Paper Factory
LGifts
^
D12/20/96
U-21.64
T-21.64
CX
N278
PWalgreens
LGifts
^
D12/22/96
U-15.05
T-15.05
CX
Ncard
PThe Body Shop
LGifts
^
D12/22/96
U-52.51
T-52.51
CX
Ncard
PVictoria's Secret
LGifts
^
D12/22/96
U-10.95
T-10.95
CX
Ncard
PMapco Express
LAuto Fuel
^
D12/22/96
U-23.80
T-23.80
CX
Ncard
PSports Fantasy
LGifts
^
D12/22/96
U-11.12
T-11.12
CX
Ncard
PKwik Sak
LBeer
^
D12/23/96
U-8.64
T-8.64
CX
Ncard
PFriedman's
LGifts
^
D12/23/96
U-42.87
T-42.87
CX
Ncard
POff Broadway
LGifts
^
D12/24/96
U-60.00
T-60.00
CX
Ncard
PATM Withdrawal
LCash
^
D12/25/96
U-6.75
T-6.75
CX
Ncard
PWilhite's 76
LAuto Fuel
^
D12/27/96
U-18.55
T-18.55
CX
Ncard
PMapco Express
LAuto Fuel
^
D12/27/96
U-24.46
T-24.46
CX
Ncard
PUnion Jax Pub
LDining
^
D12/27/96
U-28.35
T-28.35
CX
Ncard
PHuey's
LDining
^
D12/27/96
U-35.00
T-35.00
CX
N279
PCathy Pfaff
LGifts
^
D12/28/96
U-28.85
T-28.85
CX
Ncard
PYoung Street Deli
LBeer
^
D12/28/96
U-100.00
T-100.00
CX
N280
PSouthside Animal Hospital
LPet Supplies
^
D12/28/96
U-74.20
T-74.20
CX
N281
PSouthside Animal Hospital
LPet Supplies
^
D12/30/96
U-12.15
T-12.15
CX
Ncard
PTang's
LDining
^
D12/30/96
U-14.14
T-14.14
CX
Ncard
PKroger
LFood
^
D12/31/96
U-23.00
T-23.00
CX
Ncard
PExit In
LBeer
^
D12/31/96
U-23.56
T-23.56
CX
Ncard
PKwik Sak
LAuto Fuel
^
D1/ 3/97
U602.00
T602.00
CX
PDeposit
LEli's Bills
^
D1/ 3/97
U42.87
T42.87
CX
Ncard
POff Broadway
LReturn Merch
^
D1/ 3/97
U-4.63
T-4.63
CX
Ncard
PKroger
LHousehold
^
D1/ 3/97
U-850.00
T-850.00
CX
N282
PCarol Boner
LRent
^
D1/ 3/97
U-8.66
T-8.66
CX
N283
PEdison Vacuum
LHousehold
^
D1/ 4/97
U-9.72
T-9.72
CX
Ncard
PScot Market
LBeer
^
D1/ 6/97
U9.76
T9.76
CX
Ncard
PVictoria's Secret
LReturn Merch
^
D1/ 6/97
U-43.19
T-43.19
CX
Ncard
PDolci's
LGifts
^
D1/ 7/97
U-10.00
T-10.00
CX
PChecking Service Fee
LBank Chrg
^
D1/ 7/97
U-11.88
T-11.88
CX
Ncard
PAuto Zone
LHousehold
^
D1/ 7/97
U-12.85
T-12.85
CX
N284
PValue Plus
LFood
^
D1/ 9/97
U-113.10
T-113.10
CX
N285
PNashville Gas
LUtilities
^
D1/10/97
U-17.69
T-17.69
CX
Ncard
PKroger
LFood
^
D1/10/97
U-2.14
T-2.14
CX
Ncard
PVideo Place
LMovie Rental
^
D1/10/97
U-8.66
T-8.66
CX
Ncard
PWalmart
LClothing
^
D1/11/97
U-10.22
T-10.22
CX
N286
PPetsmart
LPet Supplies
^
D1/11/97
U-4.09
T-4.09
CX
N287
PValue Plus
LHousehold
^
D1/11/97
U-85.68
T-85.68
CX
N288
PNES
LUtilities
^
D1/11/97
U-40.50
T-40.50
CX
N289
PCable
LCable Tv
^
D1/11/97
U-56.21
T-56.21
CX
N290
PMetro Water
LUtilities
^
D1/11/97
U-7.58
T-7.58
CX
N291
PA+ Communications
LBeeper
^
D1/11/97
U-8.14
T-8.14
CX
N292
PThe Tennessean
LNewspaper
^
D1/11/97
U-54.57
T-54.57
CX
N293
PSCB
LTelephone
^
D1/12/97
U-10.00
T-10.00
CX
PATM Withdrawal
LCash
^
D1/12/97
U-7.99
T-7.99
CX
N294
PRevco
LHousehold
^
D1/13/97
U-0.51
T-0.51
CX
PBalance Adjustment
LBad Records
^
D1/13/97
U-8.10
T-8.10
CX
N295
PUSPS
LHousehold
^
D1/14/97
U-4.63
T-4.63
CX
N296
PValue Plus
LFood
^
D1/16/97
U190.00
T190.00
CX
PDeposit
L1sting Income:Jay Vern's
^
D1/16/97
U80.00
T80.00
CX
PDeposit
LEli's Bills
^
D1/16/97
U-38.00
T-38.00
CX
PTransfer to Savings
MTaxes On Income
L[Suntrust Saving]
^
D1/16/97
U-14.52
T-14.52
CX
Ncard
PKwik Sak
LAuto Fuel
^
D1/16/97
U-408.00
T-408.00
CX
N297
PIRS
LTax Fed
^
D1/16/97
U-4.60
T-4.60
CX
N298
PThe Rice Bowl
LDining
^
D1/16/97
U-17.20
T-17.20
CX
N299
PKinko's
LSubterexp
^
D1/16/97
U-8.11
T-8.11
CX
N300
PKroger
LBeer
^
D1/17/97
U408.00
T408.00
CX
PTransfer to Checking
L[Suntrust Saving]
^
D1/17/97
U160.00
T160.00
CX
PDeposit
L1sting Income:Beaird
^
D1/17/97
U105.00
T105.00
CX
PDeposit
L1sting Income:County Q
^
D1/17/97
U-49.44
T-49.44
CX
Ncard
PFifth Quarter
LDining
^
D1/17/97
U-53.00
T-53.00
CX
PTransfer to Savings
MTaxes On Income
L[Suntrust Saving]
^
D1/17/97
U-15.10
T-15.10
CX
N301
PMichael's
LGifts
^
D1/17/97
U-59.81
T-59.81
CX
N302
PNational Insurance
LAuto Insurance
^
D1/18/97
U-6.35
T-6.35
CX
Ncard
PBUDS #6
LBeer
^
D1/18/97
U-12.34
T-12.34
CX
N303
PRacetrax
LAuto Fuel
^
D1/20/97
U-25.00
T-25.00
CX
POppenheimer
LInvest Exp
^
D1/21/97
U65.00
T65.00
CX
PDeposit
LEli's Bills
^
D1/21/97
U140.00
T140.00
CX
PDeposit
L1sting Income:Jay Vern's
^
D1/21/97
U-28.00
T-28.00
CX
PTransfer to Savings
MTaxes On Income
L[Suntrust Saving]
^
D1/21/97
U-6.75
T-6.75
CX
Ncard
PRio Bravo
LDining
^
D1/21/97
U-14.04
T-14.04
CX
Ncard
PKwik Sak
LAuto Fuel
^
D1/21/97
U-3.01
T-3.01
CX
Ncard
PAmoco
LAuto Fuel
^
D1/21/97
U-8.75
T-8.75
CX
N304
PLa Hacienda
LDining
^
D1/21/97
U-11.67
T-11.67
CX
N305
PKroger
LFood
^
D1/24/97
U-11.97
T-11.97
CX
Ncard
PKroger
LHousehold
^
D1/24/97
U-5.95
T-5.95
CX
N306
PVideo Place
LMovie Rental
^
D1/27/97
U250.00
T250.00
CX
PDeposit
L1sting Income:Independent
^
D1/27/97
U-2.48
T-2.48
CX
N307
PJohnson's Hardware
LHousehold
^
D1/27/97
U-204.32
T-204.32
CX
N308
PAmerican National
LHealth Ins
^
D1/31/97
U95.00
T95.00
CX
PDeposit
L1sting Income:Beaird
^
D1/31/97
U40.00
T40.00
CX
PDeposit
L1sting Income:County Q
^
D1/31/97
U-27.00
T-27.00
CX
PTransfer to Savings
MTaxes On Income
L[Suntrust Saving]
^
D1/31/97
U-12.30
T-12.30
CX
N310
PValue Plus
LFood
^
D2/ 1/97
U-49.34
T-49.34
CX
Ncard
PPeking Palace
LDining
^
D2/ 1/97
U-15.00
T-15.00
CX
Ncard
PPerfect North
LTravel Expense
^
D2/ 2/97
U-25.29
T-25.29
CX
Ncard
PSpeedway
LAuto Fuel
^
D2/ 2/97
U-9.41
T-9.41
CX
Ncard
PKwik Sak
LBeer
^
D2/ 2/97
U-29.00
T-29.00
CX
N311
PKristen Siceloff
^
D2/ 4/97
U285.00
T285.00
CX
PDeposit
LEli's Bills
^
D2/ 4/97
U283.00
T283.00
CX
PDeposit
LEli's Bills
^
D2/ 4/97
U40.00
T40.00
CX
PTransfer to Checking
L[Suntrust Saving]
^
D2/ 4/97
U-10.00
T-10.00
CX
PChecking Service Fee
LBank Chrg
^
D2/ 4/97
U-850.00
T-850.00
CX
N312
PCarol Boner
LRent
^
D2/ 4/97
U-10.18
T-10.18
CX
N313
PValue Plus
LFood
^
D2/ 6/97
U50.00
T50.00
CX
POverdraft Protection
MTransfer from Savings
L[Suntrust Saving]
^
D2/ 6/97
U-5.00
T-5.00
CX
PTransfer Charge
LBad Records
^
D2/ 6/97
U-3.79
T-3.79
CX
N314
PRevco
LGifts
^
D2/ 7/97
U114.00
T114.00
CX
PDeposit
L1sting Income:Jay Vern's
^
D2/ 7/97
U335.00
T335.00
CX
PDeposit
L1sting Income:County Q
^
D2/ 7/97
U40.00
T40.00
CX
PDeposit
L1sting Income:Beaird
^
D2/ 7/97
U-97.80
T-97.80
CX
PTransfer to Savings
MTaxes On Income
L[Suntrust Saving]
^
D2/ 7/97
U-14.24
T-14.24
CX
Ncard
PDalton's Market
LAuto Fuel
^
D2/ 7/97
U-70.00
T-70.00
CX
N315
PPamela Edwards
LGifts
^
D2/ 8/97
U-3.24
T-3.24
CX
N316
PVideo Place
LMovie Rental
^
D2/ 8/97
U-6.81
T-6.81
CX
N317
PKroger
LBeer
^
D2/10/97
U-59.81
T-59.81
CX
N318
PNational Insurance Association
LAuto Insurance
^
D2/10/97
U-7.58
T-7.58
CX
N319
PA+ Communications
LBeeper
^
D2/11/97
U-6.81
T-6.81
CX
N320
PKroger
LFood
^
D2/13/97
U-7.75
T-7.75
CX
Ncard
PThe Villager
LBeer
^
D2/14/97
U-24.41
T-24.41
CX
N320
PKroger
LGifts
^
D2/15/97
U-32.42
T-32.42
CX
N322
PMedia Play
LGifts
^
D2/15/97
U-17.22
T-17.22
CX
N323
PKroger
LFood
^
D2/16/97
U-30.30
T-30.30
CX
Ncard
PRio Bravo
LDining
^
D2/16/97
U-10.00
T-10.00
CX
PATM Withdrawal
LCash
^
D2/16/97
U-75.02
T-75.02
CX
N324
PThe Equipment Pool
LEngineer Exp
^
D2/18/97
U400.00
T400.00
CX
PDeposit
L1sting Income:County Q
^
D2/18/97
U35.00
T35.00
CX
PDeposit
L1sting Income:Jay Vern's
^
D2/18/97
U135.00
T135.00
CX
PDeposit
LEli's Bills
^
D2/18/97
U151.28
T151.28
CX
PDeposit
LEli's Bills
^
D2/18/97
U-130.50
T-130.50
CX
PTransfer to Savings
MTaxes On Income
L[Suntrust Saving]
^
D2/18/97
U-11.86
T-11.86
CX
Ncard
PMapco
LAuto Fuel
^
D2/18/97
U-40.50
T-40.50
CX
N325
PIntermedia
LCable Tv
^
D2/18/97
U-80.81
T-80.81
CX
N326
PNES
LUtilities
^
D2/18/97
U-78.38
T-78.38
CX
N327
PMetro Water
LUtilities
^
D2/18/97
U-59.94
T-59.94
CX
N328
PBell South
LTelephone
^
D2/18/97
U-203.72
T-203.72
CX
N329
PNashville Gas
LUtilities
^
D2/18/97
U-85.40
T-85.40
CX
N330
PStudent Loan Servicing Center
LStudent Loans
^
D2/18/97
U-8.21
T-8.21
CX
N331
PUSPS
LEngineer Exp
^
D2/20/97
U-25.00
T-25.00
CX
POppenheimer
LInvest Exp
^
D2/21/97
U40.00
T40.00
CX
PDeposit
LEli's Bills
^
D2/21/97
U175.00
T175.00
CX
PDeposit
L1sting Income:County Q
^
D2/21/97
U40.00
T40.00
CX
PDeposit
L1sting Income:Independent
^
D2/21/97
U200.00
T200.00
CX
PDeposit
L1sting Income:Beaird
^
D2/21/97
U-124.50
T-124.50
CX
PTransfer to Savings
MTaxes On Income
L[Suntrust Saving]
^
D2/21/97
U-10.75
T-10.75
CX
N332
PUSPS
LSubterRec
^
D2/21/97
U-75.00
T-75.00
CX
N333
PDiscover
LCredit Card
^
D2/21/97
U-10.36
T-10.36
CX
N334
PKroger
LBeer
^
D2/24/97
U-7.77
T-7.77
CX
N335
PKroger
LBeer
^
D2/27/97
U-8.32
T-8.32
CX
N336
PKroger
LBeer
^
D2/28/97
U130.00
T130.00
CX
PDeposit
L1sting Income:County Q
^
D2/28/97
U475.00
T475.00
CX
PDeposit
L1sting Income:Beaird
^
D2/28/97
U-331.50
T-331.50
CX
PTransfer to Savings
MTaxes On Income
L[Suntrust Saving]
^
D2/28/97
U-37.82
T-37.82
CX
Ncard
PRed Lobster
LDining
^
D2/28/97
U-13.57
T-13.57
CX
Ncard
PDalton's Market
LAuto Fuel
^
D2/28/97
U-10.00
T-10.00
CX
PATM Withdrawal
LCash
^
D2/28/97
U-9.47
T-9.47
CX
N337
PMovie Gallery
LMovie Rental
^
D2/28/97
U-16.23
T-16.23
CX
N338
PBerry Hill Liquor
LBeer
^
D3/ 1/97
U-500.00
T-500.00
CX
N339
PRandolph Co. Realtors
LClosing Costs
^
D3/ 2/97
U-45.00
T-45.00
CX
N340
PSuntrust Bank
MCredit App
LClosing Costs
^
D3/ 3/97
U500.00
T500.00
CX
PTransfer to Checking
L[Suntrust Saving]
^
D3/ 3/97
U-9.41
T-9.41
CX
Ncard
PKwik Sak
LBeer
^
D3/ 4/97
U284.00
T284.00
CX
PDeposit
LEli's Bills
^
D3/ 4/97
U267.00
T267.00
CX
PTransfer to Checking
L[Suntrust Saving]
^
D3/ 4/97
U-9.95
T-9.95
CX
PAOL
LAOL
^
D3/ 4/97
U-800.00
T-800.00
CX
N341
PCarol Boner
LHouse Rent
^
D3/ 4/97
U-17.88
T-17.88
CX
N342
PKroger
LFood
^
D3/ 4/97
U-35.00
T-35.00
CX
N343
PChuck Thompson
LHousehold
^
D3/ 5/97
U-10.00
T-10.00
CX
PChecking Service Fee
LBank Chrg
^
D3/ 7/97
U430.00
T430.00
CX
PDeposit
L1sting Income:County Q
^
D3/ 7/97
U-204.00
T-204.00
CX
PTransfer to Savings
MTaxes On Income
L[Suntrust Saving]
^
D3/ 7/97
U-9.01
T-9.01
CX
Ncard
PDalton's Market
LAuto Fuel
^
D3/ 7/97
U-20.25
T-20.25
CX
N344
PPetsmart
LPet Supplies
^
D3/ 7/97
U-13.82
T-13.82
CX
N345
PKroger
LFood
^
D3/ 7/97
U-3.24
T-3.24
CX
N346
PMovie Gallery
LMovie Rental
^
D3/ 9/97
U-16.83
T-16.83
CX
Ncard
PCitgo
LAuto Fuel
^
D3/10/97
U-110.00
T-110.00
CX
N347
PJim Burgess
MHome Inspection
LClosing Costs
^
D3/10/97
U-12.85
T-12.85
CX
N348
PPapa John's
LDining
^
D3/11/97
U-14.01
T-14.01
CX
Ncard
PDalton's
LAuto Fuel
^
D3/15/97
U405.00
T405.00
CX
PDeposit
L1sting Income:County Q
^
D3/15/97
U529.34
T529.34
CX
PDeposit
LEli's Bills
^
D3/15/97
U-388.50
T-388.50
CX
PTransfer to Savings
MTaxes On Income
L[Suntrust Saving]
^
D3/15/97
U-5.50
T-5.50
CX
Ncard
PDalton's Market
LBeer
^
D3/15/97
U-49.04
T-49.04
CX
N349
PIntermedia
LCable Tv
^
D3/15/97
U-11.68
T-11.68
CX
N350
PThe Tennessean
LNewspaper
^
D3/15/97
U-52.56
T-52.56
CX
N351
PMetro Water
LUtilities
^
D3/15/97
U-159.36
T-159.36
CX
N352
PNashville Gas
LUtilities
^
D3/15/97
U-64.38
T-64.38
CX
N353
PNES
LUtilities
^
D3/15/97
U-79.14
T-79.14
CX
N354
PBell South
LTelephone
^
D3/15/97
U-8.07
T-8.07
CX
N355
PA+ Communications
LBeeper
^
D3/15/97
U-17.37
T-17.37
CX
N356
PAmoco
LCredit Card
^
D3/15/97
U-80.90
T-80.90
CX
N357
PSLSC
LStudent Loans
^
D3/15/97
U-58.81
T-58.81
CX
N358
PNational Insurance Association
LAuto Insurance
^
D3/15/97
U-50.00
T-50.00
CX
N359
PAdvanta
LCredit Card
^
D3/15/97
U-6.74
T-6.74
CX
N360
PValue Plus
LFood
^
D3/15/97
U-18.59
T-18.59
CX
N361
PWalgreens
LHousehold
^
D3/18/97
U110.00
T110.00
CX
PTransfer to Checking
MClosing Costs
L[Suntrust Saving]
^
D3/18/97
U-5.94
T-5.94
CX
Ncard
PKwik Sak
LBeer
^
D3/20/97
U-25.00
T-25.00
CX
POppenheimer
LInvest Exp
^
D3/20/97
U-7.57
T-7.57
CX
N362
PFriedman's
LCamping Supp
^
D3/21/97
U200.00
T200.00
CX
PDeposit
L1sting Income:County Q
^
D3/21/97
U-38.56
T-38.56
CX
Ncard
PBoscoe's
LDining
^
D3/21/97
U-20.00
T-20.00
CX
PATM Withdrawal
LCash
^
D3/21/97
U-5.94
T-5.94
CX
Ncard
PKwik Sak
LBeer
^
D3/21/97
U-60.00
T-60.00
CX
PTransfer to Savings
MTaxes On Income
L[Suntrust Saving]
^
D3/21/97
U-13.98
T-13.98
CX
Ncard
PDalton's Market
LAuto Fuel
^
D3/22/97
U-14.01
T-14.01
CX
N363
PKroger
LCamping Supp
^
D3/23/97
U-5.94
T-5.94
CX
Ncard
PKwik Sak
LBeer
^
D3/24/97
U-7.47
T-7.47
CX
N364
PLa Hacienda
LDining
^
D3/25/97
U-10.00
T-10.00
CX
PATM Withdrawal
LCash
^
D3/25/97
U-17.32
T-17.32
CX
N365
PIntermedia
MInstall
LCable Tv
^
D3/25/97
U-11.85
T-11.85
CX
N366
PPapa John's
LDining
^
D3/26/97
U-5.89
T-5.89
CX
Ncard
PDalton's Market
LAuto Fuel
^
D3/27/97
U-9.46
T-9.46
CX
Ncard
PKwik Sak
LBeer
^
D3/27/97
U-350.00
T-350.00
CX
N367
PAction Salvage
LHome Repair
^
D3/28/97
U500.00
T500.00
CX
PDeposit
MMom's Housebuying Present
LGift Received
^
D3/28/97
U260.00
T260.00
CX
PDeposit
L1sting Income:Beaird
^
D3/28/97
U9.00
T9.00
CX
PDeposit
LDeposit Refunds
^
D3/28/97
U-78.00
T-78.00
CX
PTransfer to Savings
MTaxes On Income
L[Suntrust Saving]
^
D3/28/97
U-234.55
T-234.55
CX
N368
PAction Salvage
LHome Repair
^
D3/29/97
U-10.00
T-10.00
CX
PATM Withdrawal
LCash
^
D3/30/97
U-23.52
T-23.52
CX
Ncard
PKwik Sak
LAuto Fuel
^
D4/ 1/97
U-10.12
T-10.12
CX
PAOL
LAOL
^
D4/ 1/97
U-10.26
T-10.26
CX
N369
PRadio Shack
LEngineer Exp
^
D4/ 1/97
U-17.97
T-17.97
CX
N370
PKroger
LFood
^
D4/ 2/97
U-6.47
T-6.47
CX
Ncard
PMapco
LBeer
^
D4/ 2/97
U-13.83
T-13.83
CX
N371
PJohnson's Hardware
LHousehold
^
D4/ 3/97
U-13.21
T-13.21
CX
N372
PWalgreens
LMedical
^
D4/ 4/97
U125.00
T125.00
CX
PDeposit
L1sting Income:Beaird
^
D4/ 4/97
U415.00
T415.00
CX
PDeposit
L1sting Income:County Q
^
D4/ 4/97
U-10.00
T-10.00
CX
PATM Withdrawal
LCash
^
D4/ 4/97
U-6.81
T-6.81
CX
Ncard
PKwik Sak
LBeer
^
D4/ 4/97
U-9.32
T-9.32
CX
Ncard
PDalton's
LAuto Fuel
^
D4/ 4/97
U-162.00
T-162.00
CX
PTransfer to Savings
MTaxes On Income
L[Suntrust Saving]
^
D4/ 4/97
U-10.00
T-10.00
CX
PChecking Service Fee
LBank Chrg
^
D4/ 4/97
U-23.80
T-23.80
CX
N373
PKmart
LHousehold
^
D4/ 4/97
U-12.85
T-12.85
CX
N374
PLaHacienda
LDining
^
D4/ 5/97
U-114.02
T-114.02
CX
N375
PSouthside Animal
LPet Supplies
^
D4/ 7/97
U-6.95
T-6.95
CX
Ncard
PGoten
LDining
^
D4/ 8/97
U-12.89
T-12.89
CX
Ncard
PMapco
LBeer
^
D4/ 8/97
U-9.24
T-9.24
CX
Ncard
PGoten
LDining
^
D4/ 8/97
U-5.56
T-5.56
CX
N376
PStation Deli
LDining
^
D4/ 9/97
U-4.75
T-4.75
CX
N377
PStation Deli
LDining
^
D4/10/97
U417.18
T417.18
CX
PDeposit
LEli's Bills
^
D4/10/97
U125.00
T125.00
CX
PDeposit
L1sting Income:Beaird
^
D4/10/97
U245.00
T245.00
CX
PDeposit
L1sting Income:Independent
^
D4/10/97
U-111.00
T-111.00
CX
PTransfer to Savings
MTaxes On Income
L[Suntrust Saving]
^
D4/10/97
U-61.12
T-61.12
CX
N378
PMetro Water
LUtilities
^
D4/10/97
U-60.61
T-60.61
CX
N379
PBell South
LTelephone
^
D4/10/97
U-43.75
T-43.75
CX
N381
PIntermedia
LCable Tv
^
D4/10/97
U-112.68
T-112.68
CX
N382
PNES
LUtilities
^
D4/10/97
U-90.00
T-90.00
CX
N383
PStudent Loan Servicing Center
LStudent Loans
^
D4/10/97
U-16.14
T-16.14
CX
N384
PA+ Communications
LBeeper
^
D4/10/97
U-400.00
T-400.00
CX
N385
PAdvanta
LCredit Card
^
D4/10/97
U-6.40
T-6.40
CX
N386
PUSPS
LHousehold
^
D4/11/97
U-8.65
T-8.65
CX
Ncard
PMapco Express
LBeer
^
D4/11/97
U-10.33
T-10.33
CX
Ncard
PLuby's
LDining
^
D4/12/97
U-10.00
T-10.00
CX
Ncard
PMapco
LAuto Fuel
^
D4/12/97
U-142.06
T-142.06
CX
N387
PHome Depot
LHome Repair
^
D4/14/97
U-20.00
T-20.00
CX
PATM Withdrawal
LCash
^
D4/15/97
U100.00
T100.00
CX
PDeposit
LEli's Bills
^
D4/15/97
U200.00
T200.00
CX
PTransfer to Checking
L[Suntrust Saving]
^
D4/15/97
U-6.47
T-6.47
CX
Ncard
PMapco
LFood
^
D4/15/97
U-35.56
T-35.56
CX
Ncard
PApplebee's
LDining
^
D4/15/97
U-20.00
T-20.00
CX
N388
PFrist Clinic
LMedical
^
D4/15/97
U-10.83
T-10.83
CX
N389
PAction Salvage
LHome Repair
^
D4/16/97
U-5.00
T-5.00
CX
Ncard
PDalton's Market
LAuto Fuel
^
D4/16/97
U-65.86
T-65.86
CX
N390
PHome Depot
LHome Repair
^
D4/16/97
U-3.90
T-3.90
CX
N391
PCarol Wright Gifts
LGifts
^
D4/18/97
U70.00
T70.00
CX
PDeposit
L1sting Income:Independent
^
D4/18/97
U135.00
T135.00
CX
PDeposit
L1sting Income:County Q
^
D4/18/97
U-61.50
T-61.50
CX
PTransfer to Savings
MTaxes On Income
L[Suntrust Saving]
^
D4/18/97
U-8.65
T-8.65
CX
Ncard
PMapco
LBeer
^
D4/20/97
U-31.10
T-31.10
CX
Ncard
PBlackstone
LDining
^
D4/21/97
U-4.64
T-4.64
CX
Ncard
PJohnson's Hardware
LHome Repair
^
D4/21/97
U-25.00
T-25.00
CX
POppenheimer
LInvest Exp
^
D4/22/97
U280.00
T280.00
CX
PDeposit
L1sting Income:Beaird
^
D4/22/97
U-5.00
T-5.00
CX
N392
PCounty Q
LEngineer Exp
^
D4/23/97
U165.00
T165.00
CX
PDeposit
MPamela's Bills Checks
LEli's Bills
^
D4/23/97
U-16.39
T-16.39
CX
Ncard
PPet Smart
LPet Supplies
^
D4/23/97
U-8.54
T-8.54
CX
Ncard
PKroger
LFood
^
D4/23/97
U-20.45
T-20.45
CX
Ncard
PKroger
LFood
^
D4/23/97
U-5.17
T-5.17
CX
Ncard
PPet Smart
LPet Supplies
^
D4/23/97
U-75.00
T-75.00
CX
N393
PCitibank
LMisc
^
D4/23/97
U-26.00
T-26.00
CX
N394
P1st USA
LMisc
^
D4/23/97
U-24.00
T-24.00
CX
N395
PBankcard Ctr
LMisc
^
D4/23/97
U-20.00
T-20.00
CX
N396
PDiscover
LMisc
^
D4/23/97
U-20.00
T-20.00
CX
N397
PLowe's
LMisc
^
D4/23/97
U-4.32
T-4.32
CX
N398
PPetsmart
LPet Supplies
^
D4/23/97
U-413.42
T-413.42
CX
N399
PNashville Warehouse Tire
LAuto Repair
^
D4/24/97
U290.00
T290.00
CX
PDeposit
LMastering
^
D4/24/97
U1.02
T1.02
CX
PBalance Adjustment
LBad Records
^
D4/24/97
U-10.00
T-10.00
CX
PBalance Adjustment
LBad Records
^
D4/24/97
U-10.75
T-10.75
CX
N400
PAuto Zone
LAuto Repair
^
D4/24/97
U-37.89
T-37.89
CX
N401
PN & S Auto Parts
LAuto Repair
^
D4/25/97
U-8.65
T-8.65
CX
Ncard
PMapco Express
LBeer
^
D4/25/97
U-58.82
T-58.82
CX
N402
PNational Insurance Association
LAuto Insurance
^
D4/26/97
U-30.80
T-30.80
CX
Ncard
PExit Inn
LBeer
^
D4/28/97
U-1.94
T-1.94
CX
N403
PAutozone
LAuto Repair
^
D4/28/97
U-1.61
T-1.61
CX
N404
PJohnson's Hardware
LHome Repair
^
D4/28/97
U-6.48
T-6.48
CX
N405
PWalgreens
LHousehold
^
D4/29/97
U95.00
T95.00
CX
PDeposit
L1sting Income:Jay Vern's
^
D4/29/97
U-204.32
T-204.32
CX
N406
PAmerican National
LHealth Ins
^
D4/30/97
U-15.12
T-15.12
CX
Ncard
PMapco Express
LBeer
^
D5/ 1/97
U120.00
T120.00
CX
PDeposit
L1sting Income:Independent
^
D5/ 1/97
U-10.12
T-10.12
CX
PAOL
LAOL
^
D5/ 1/97
U-3.29
T-3.29
CX
N407
PJohnson's Hardware
LHome Repair
^
D5/ 2/97
U165.00
T165.00
CX
PDeposit
L1sting Income:County Q
^
D5/ 2/97
U-8.00
T-8.00
CX
PVictor Victoria's
LBeer
^
D5/ 5/97
U-3.24
T-3.24
CX
Ncard
PMapco
LHome Repair
^
D5/ 5/97
U-22.65
T-22.65
CX
Ncard
PArt Pancake's Rental
LHome Repair
^
D5/ 5/97
U-10.00
T-10.00
CX
PChecking Service Fee
LBank Chrg
^
D5/ 5/97
U-10.01
T-10.01
CX
N408
PLa Hacienda
LDining
^
D5/ 5/97
U-8.61
T-8.61
CX
N409
PKroger
LFood
^
D5/ 5/97
U-16.66
T-16.66
CX
N410
PHome Depot
LHome Repair
^
D5/ 5/97
U-5.93
T-5.93
CX
N411
PAuto Zone
LHome Repair
^
D5/ 6/97
U-7.57
T-7.57
CX
Ncard
PKwik Sak
LBeer
^
D5/ 6/97
U-377.59
T-377.59
CX
N412
PSource One
LMortgage
^
D5/ 7/97
U-4.28
T-4.28
CX
N413
PWalgreens
LGifts
^
D5/ 7/97
U-6.40
T-6.40
CX
N414
PUSPS
LHousehold
^
D5/ 7/97
U-3.45
T-3.45
CX
N415
PWalgreens
LHousehold
^
D5/ 8/97
U245.00
T245.00
CX
PDeposit
L1sting Income:County Q
^
D5/ 8/97
U-7.57
T-7.57
CX
Ncard
PMapco
LBeer
^
D5/ 8/97
U-35.00
T-35.00
CX
N416
PElijah Shaw
LEngineer Exp
^
D5/ 9/97
U-4.86
T-4.86
CX
Ncard
PScholtzskys'
LDining
^
D5/ 9/97
U-3.93
T-3.93
CX
Ncard
PKroger
LPet Supplies
^
D5/10/97
U188.00
T188.00
CX
PDeposit
LEli's Bills
^
D5/10/97
U-6.50
T-6.50
CX
Ncard
PVictor Victoria's
LBeer
^
D5/10/97
U-10.83
T-10.83
CX
N417
PLawnmower City
LHome Repair
^
D5/11/97
U-12.83
T-12.83
CX
Ncard
PKwik Sak
LAuto Fuel
^
D5/11/97
U-1.89
T-1.89
CX
Ncard
PWalgreens
LGifts
^
D5/12/97
U-12.96
T-12.96
CX
N418
PFriedman's
LCamping Supp
^
D5/13/97
U-14.81
T-14.81
CX
Ncard
PBI-LO
LCamping Supp
^
D5/15/97
U-20.00
T-20.00
CX
N419
PCity Finance
LHousehold
^
D5/16/97
U60.00
T60.00
CX
PDeposit
L1sting Income:Jay Vern's
^
D5/16/97
U705.00
T705.00
CX
PDeposit
L1sting Income:Independent
^
D5/16/97
U280.00
T280.00
CX
PDeposit
L1sting Income:County Q
^
D5/16/97
U-4.25
T-4.25
CX
N420
PPetsmart
LPet Supplies
^
D5/16/97
U-26.05
T-26.05
CX
N421
PThe Tennessean
LSubscriptions
^
D5/16/97
U-64.22
T-64.22
CX
N422
PNES
LUtilities
^
D5/16/97
U-131.41
T-131.41
CX
N423
PBell South
LTelephone
^
D5/16/97
U-58.80
T-58.80
CX
N424
PNational Insurance Association
LAuto Insurance
^
D5/16/97
U-36.64
T-36.64
CX
N425
PNashville Gas
LUtilities
^
D5/16/97
U-23.64
T-23.64
CX
N426
PIntermedia
LCable Tv
^
D5/16/97
U-80.90
T-80.90
CX
N427
PStudent Loan Servicing Center
LStudent Loans
^
D5/16/97
U-33.16
T-33.16
CX
N428
PKroger
LFood
^
D5/16/97
U-7.56
T-7.56
CX
N429
PAuto Zone
LAuto Repair
^
D5/17/97
U-11.25
T-11.25
CX
Ncard
PThe Beer Sellar
LBeer
^
D5/17/97
U-10.00
T-10.00
CX
Ncard
PBig River
LBeer
^
D5/17/97
U-25.58
T-25.58
CX
Ncard
PFriday's
LDining
^
D5/17/97
U-6.70
T-6.70
CX
Ncard
PMapco
LBeer
^
D5/17/97
U-20.00
T-20.00
CX
PATM Withdrawal
LCash
^
D5/19/97
U-400.00
T-400.00
CX
N430
PPamela
LGifts
^
D5/19/97
U-16.23
T-16.23
CX
N431
PBerry Hill Liquors
LBeer
^
D5/20/97
U70.00
T70.00
CX
PDeposit
L1sting Income:Jay Vern's
^
D5/20/97
U60.00
T60.00
CX
PDeposit
L1sting Income:Beaird
^
D5/20/97
U-4.10
T-4.10
CX
Ncard
PMapco
LBeer
^
D5/20/97
U-39.00
T-39.00
CX
PTransfer to Savings
MTaxes On Income
L[Suntrust Saving]
^
D5/20/97
U-25.00
T-25.00
CX
POppenheimer
LInvest Exp
^
D5/20/97
U-37.91
T-37.91
CX
N432
PHome Depot
LHome Repair
^
D5/20/97
U-14.00
T-14.00
CX
N433
PPapa John's
LDining
^
D5/22/97
U-5.50
T-5.50
CX
Ncard
PSchlotsky's
LDining
^
D5/24/97
U-6.50
T-6.50
CX
Ncard
PVictor Victoria's
LBeer
^
D5/26/97
U-21.11
T-21.11
CX
Ncard
PHome Depot
LHome Repair
^
D5/26/97
U-19.55
T-19.55
CX
N434
PKroger
LFood
^
D5/27/97
U170.00
T170.00
CX
PDeposit
L1sting Income:County Q
^
D5/27/97
U90.00
T90.00
CX
PDeposit
LEli's Bills
^
D5/27/97
U-51.00
T-51.00
CX
PTransfer to Savings
MTaxes On Income
L[Suntrust Saving]
^
D5/28/97
U-10.80
T-10.80
CX
Ncard
PMapco
LBeer
^
D5/29/97
U-15.00
T-15.00
CX
N435
PPebe Sebert
LDining
^
D5/30/97
U150.00
T150.00
CX
PDeposit
MCheryl K
LMastering
^
D5/30/97
U305.00
T305.00
CX
PDeposit
L1sting Income:Beaird
^
D5/30/97
U80.00
T80.00
CX
PDeposit
L1sting Income:County Q
^
D5/30/97
U-160.00
T-160.00
CX
PTransfer to Savings
MTaxes On Income
L[Suntrust Saving]
^
D5/30/97
U-8.65
T-8.65
CX
Ncard
PMapco
LBeer
^
D5/30/97
U-20.00
T-20.00
CX
PATM Withdrawal
LCash
^
D5/31/97
U-17.86
T-17.86
CX
Ncard
PMarket Street
LDining
^
D5/31/97
U-10.97
T-10.97
CX
Ncard
PMapco
LAuto Fuel
^
D6/ 1/97
U-7.03
T-7.03
CX
Ncard
PJumbo Sports
LCamping Supp
^
D6/ 2/97
U-9.95
T-9.95
CX
PAOL
LAOL
^
D6/ 3/97
U125.00
T125.00
CX
PDeposit
LMastering
^
D6/ 3/97
U-75.00
T-75.00
CX
N436
PAdvanta
LCredit Card
^
D6/ 3/97
U-10.00
T-10.00
CX
N437
PFluid Ounces
LCDs
^
D6/ 4/97
U365.00
T365.00
CX
PDeposit
L1sting Income:Beaird
^
D6/ 4/97
U900.00
T900.00
CX
PDeposit
MLoan for Air Conditioner
LLoan
^
D6/ 4/97
U-91.25
T-91.25
CX
PTransfer to Savings
MTaxes On Income
L[Suntrust Saving]
^
D6/ 4/97
U-5.93
T-5.93
CX
Ncard
PSlotchsky's
LDining
^
D6/ 4/97
U-6.92
T-6.92
CX
Ncard
PKroger
LBeer
^
D6/ 4/97
U-8.65
T-8.65
CX
Ncard
PMapco
LBeer
^
D6/ 4/97
U-38.74
T-38.74
CX
Ncard
POrchid
LDining
^
D6/ 4/97
U-3.24
T-3.24
CX
Ncard
PKroger
LGifts
^
D6/ 4/97
U-10.00
T-10.00
CX
PChecking Service Fee
LBank Chrg
^
D6/ 4/97
U-100.00
T-100.00
CX
N438
PPamela Thompson
LGifts
^
D6/ 4/97
U-377.59
T-377.59
CX
N439
PSource One
LMortgage
^
D6/ 5/97
U-8.65
T-8.65
CX
Ncard
PMapco
LBeer
^
D6/ 5/97
U-40.30
T-40.30
CX
Ncard
PGrand Ole Opry Tickets
MMom and Chuck's Tickets
LGifts
^
D6/ 5/97
U-3.75
T-3.75
CX
N441
PUSPS
LGifts
^
D6/ 5/97
U-7.62
T-7.62
CX
N443
PKroger
LFood
^
D6/ 6/97
U-79.09
T-79.09
CX
N442
PLowe's
LHome Repair
^
D6/ 6/97
U-900.00
T-900.00
CX
N444
PHolt Air Conditioning
LHome Repair
^
D6/ 7/97
U-15.85
T-15.85
CX
N445
PKroger
LFood
^
D6/ 7/97
U-6.03
T-6.03
CX
N446
PValue Plus
LFood
^
D6/ 9/97
U294.00
T294.00
CX
PDeposit
LEli's Bills
^
D6/ 9/97
U70.00
T70.00
CX
PDeposit
L1sting Income:County Q
^
D6/ 9/97
U-11.33
T-11.33
CX
Ncard
PKmart
LHousehold
^
D6/ 9/97
U-13.70
T-13.70
CX
Ncard
PMapco
LAuto Fuel
^
D6/ 9/97
U-28.69
T-28.69
CX
N447
PNashville Pet
LPet Supplies
^
D6/ 9/97
U-50.00
T-50.00
CX
N448
PTom Endres
LEngineer Exp
^
D6/ 9/97
U-14.06
T-14.06
CX
N449
PBerry Hill Liquors
LBeer
^
D6/10/97
U-8.50
T-8.50
CX
Ncard
PIguana
LDining
^
D6/10/97
U-58.81
T-58.81
CX
N450
PNational Insurance
LAuto Insurance
^
D6/10/97
U-80.90
T-80.90
CX
N451
PSLSC
LStudent Loans
^
D6/10/97
U-56.34
T-56.34
CX
N452
PBell South
LTelephone
^
D6/10/97
U-50.45
T-50.45
CX
N453
PMetro Water
LUtilities
^
D6/10/97
U-40.50
T-40.50
CX
N454
PIntermedia
LCable Tv
^
D6/10/97
U-50.00
T-50.00
CX
N455
PCity Finance
LHome Repair
^
D6/10/97
U-47.57
T-47.57
CX
N456
PNES
LUtilities
^
D6/10/97
U-8.07
T-8.07
CX
N457
PA+ Communications
LBeeper
^
D6/11/97
U-30.24
T-30.24
CX
Ncard
PWaste Management
MDumping Fee
LHome Repair
^
D6/11/97
U-6.48
T-6.48
CX
Ncard
PMapco
LBeer
^
D6/12/97
U-18.75
T-18.75
CX
Ncard
PVictor Victoria's
LDining
^
D6/13/97
U30.00
T30.00
CX
PDeposit
LLive Engineer
^
D6/13/97
U95.00
T95.00
CX
PDeposit
L1sting Income:Jay Vern's
^
D6/13/97
U50.00
T50.00
CX
PDeposit
L1sting Income:County Q
^
D6/13/97
U105.00
T105.00
CX
PDeposit
L1sting Income:Beaird
^
D6/13/97
U-62.50
T-62.50
CX
PTransfer to Savings
MTaxes On Income
L[Suntrust Saving]
^
D6/13/97
U-6.40
T-6.40
CX
N458
PUSPS
LHousehold
^
D6/14/97
U-6.48
T-6.48
CX
Ncard
PMapco
LBeer
^
D6/14/97
U-8.65
T-8.65
CX
Ncard
PMapco
LBeer
^
D6/15/97
U-17.20
T-17.20
CX
Ncard
PKroger
LFood
^
D6/16/97
U-17.30
T-17.30
CX
N459
PAce Hardware
LHousehold
^
D6/16/97
U-9.59
T-9.59
CX
N460
PAce Hardware
LHousehold
^
D6/17/97
U-9.72
T-9.72
CX
Ncard
PMapco
LBeer
^
D6/17/97
U-30.00
T-30.00
CX
N461
PEli Shaw
LEngineer Exp
^
D6/17/97
U-60.62
T-60.62
CX
N462
PMattress Warehouse
LHousehold
^
D6/19/97
U45.00
T45.00
CX
PDeposit
LEli's Bills
^
D6/20/97
U355.00
T355.00
CX
PDeposit
L1sting Income:County Q
^
D6/20/97
U-88.75
T-88.75
CX
PTransfer to Savings
MTaxes On Income
L[Suntrust Saving]
^
D6/20/97
U-9.25
T-9.25
CX
Ncard
PVictor Victoria's
LBeer
^
D6/20/97
U-25.00
T-25.00
CX
POppenheimer
LInvest Exp
^
D6/20/97
U-13.20
T-13.20
CX
N463
PFriedman's
LCamping Supp
^
D6/23/97
U60.00
T60.00
CX
PDeposit
L1sting Income
^
D6/23/97
U179.64
T179.64
CX
PDeposit
LEli's Bills
^
D6/23/97
U215.00
T215.00
CX
PDeposit
L1sting Income:Jay Vern's
^
D6/23/97
U30.00
T30.00
CX
PDeposit
L1sting Income:Independent
^
D6/23/97
U50.00
T50.00
CX
PDeposit
LEli's Bills
^
D6/23/97
U-73.50
T-73.50
CX
PTransfer to Savings
MTaxes On Income
L[Suntrust Saving]
^
D6/23/97
U-29.07
T-29.07
CX
Ncard
PBurlington Coat Factory
LClothing
^
D6/23/97
U-50.00
T-50.00
CX
N464
PMetro General Sessions Court
LGifts
^
D6/23/97
U-150.00
T-150.00
CX
N465
PSandy Medd
LAccounting
^
D6/23/97
U-29.37
T-29.37
CX
N466
PKroger
LFood
^
D6/24/97
U-16.26
T-16.26
CX
Ncard
PRacetrac
LTravel Expense
^
D6/24/97
U-10.02
T-10.02
CX
Ncard
PDalton's
LTravel Expense
^
D6/24/97
U-49.22
T-49.22
CX
Ncard
PStaff's
LTravel Expense
^
D6/24/97
U-49.95
T-49.95
CX
Ncard
PDolphin Inn
LTravel Expense
^
D6/24/97
U-12.04
T-12.04
CX
N467
PFriedman's
LCamping Supp
^
D6/25/97
U-42.47
T-42.47
CX
Ncard
PRick's Crab Trap
LTravel Expense
^
D6/25/97
U-87.20
T-87.20
CX
Ncard
PDolphin Inn
LTravel Expense
^
D6/26/97
U-15.67
T-15.67
CX
Ncard
PImperial Palace
LTravel Expense
^
D6/26/97
U-31.25
T-31.25
CX
Ncard
PAJ's
LTravel Expense
^
D6/26/97
U-8.10
T-8.10
CX
Ncard
PKmart
LTravel Expense
^
D6/29/97
U-3.99
T-3.99
CX
N468
PBlockbuster
LMovie Rental
^
D6/29/97
U-11.72
T-11.72
CX
N469
PMapco
LBeer
^
D6/30/97
U340.00
T340.00
CX
PDeposit
L1sting Income:County Q
^
D6/30/97
U575.00
T575.00
CX
PDeposit
L1sting Income:Independent
^
D6/30/97
U-274.50
T-274.50
CX
PTransfer to Savings
MTaxes On Income
L[Suntrust Saving]
^
D7/ 1/97
U-15.75
T-15.75
CX
Ncard
PSunset Grille
LDining
^
D7/ 1/97
U-9.95
T-9.95
CX
PAOL
LAOL
^
D7/ 1/97
U-8.84
T-8.84
CX
N470
PAce Hardware
LHousehold
^
D7/ 1/97
U-9.72
T-9.72
CX
N471
PMapco
LBeer
^
D7/ 1/97
U-400.00
T-400.00
CX
N472
PPamela
MLoan
LEli's Bills
^
D7/ 2/97
U-7.65
T-7.65
CX
N473
PKroger
LFood
^
D7/ 2/97
U-7.52
T-7.52
CX
N474
PBurlington Coat Factory
LClothing
^
D7/ 3/97
U-5.40
T-5.40
CX
Ncard
PConoco
LBeer
^
D7/ 3/97
U-12.71
T-12.71
CX
Ncard
PLakeshore Marina
MFor The Boat
LBeer
^
D7/ 3/97
U-30.46
T-30.46
CX
Ncard
PFireworks of America
LRecreation
^
D7/ 3/97
U-12.04
T-12.04
CX
Ncard
PAmoco
LAuto Fuel
^
D7/ 4/97
U-21.53
T-21.53
CX
Ncard
PLucerne's (Convience Store)
MBeer for the Boat
LBeer
^
D7/ 4/97
U-11.80
T-11.80
CX
Ncard
PLakeshore Marina
MJet Ski Fuel
LRecreation
^
D7/ 5/97
U-7.03
T-7.03
CX
Ncard
PGolden Gallon
LBeer
^
D7/ 5/97
U-4.18
T-4.18
CX
Ncard
PBiLo
LRecreation
^
D7/ 5/97
U-7.03
T-7.03
CX
Ncard
PLakeshore Marina
LBeer
^
D7/ 6/97
U-13.51
T-13.51
CX
Ncard
PKroger
LBeer
^
D7/ 6/97
U-4.61
T-4.61
CX
Ncard
PCone Oil
LAuto Fuel
^
D7/ 6/97
U-6.04
T-6.04
CX
Ncard
PLakeshore Marina
MBoat Fuel
LRecreation
^
D7/ 6/97
U-7.70
T-7.70
CX
N475
PKroger
LBeer
^
D7/ 7/97
U-10.00
T-10.00
CX
PChecking Service Fee
LBank Chrg
^
D7/ 7/97
U-377.59
T-377.59
CX
N476
PSource One
LMortgage
^
D7/ 7/97
U-13.85
T-13.85
CX
N477
PLa Hacienda
LDining
^
D7/ 8/97
U475.00
T475.00
CX
PDeposit
L1sting Income:Jay Vern's
^
D7/ 8/97
U80.00
T80.00
CX
PDeposit
L1sting Income:County Q
^
D7/ 8/97
U-166.50
T-166.50
CX
PTransfer to Savings
MTaxes On Income
L[Suntrust Saving]
^
D7/ 8/97
U-29.20
T-29.20
CX
Ncard
PAutozone
LAuto Repair
^
D7/10/97
U400.00
T400.00
CX
PDeposit
LEli's Bills
^
D7/10/97
U-8.07
T-8.07
CX
N478
PA+ Communications
LBeeper
^
D7/10/97
U-16.85
T-16.85
CX
N479
PAmoco
LAuto Fuel
^
D7/10/97
U-58.82
T-58.82
CX
N480
PNational Insurance Association
LAuto Insurance
^
D7/10/97
U-80.90
T-80.90
CX
N481
PStudent Loan Servicing Center
LStudent Loans
^
D7/10/97
U-75.00
T-75.00
CX
N482
PCity Finance
LHousehold
^
D7/10/97
U-100.00
T-100.00
CX
N483
PAdvanta
LCredit Card
^
D7/10/97
U-11.86
T-11.86
CX
N484
PMapco
LBeer
^
D7/11/97
U-20.00
T-20.00
CX
Ncard
PATM Withdrawal
LCash
^
D7/11/97
U-38.48
T-38.48
CX
Ncard
PDarryl's
LDining
^
D7/11/97
U-11.67
T-11.67
CX
N485
PAuto Zone
LAuto Repair
^
D7/12/97
U285.00
T285.00
CX
PDeposit
L1sting Income:County Q
^
D7/12/97
U100.00
T100.00
CX
PTransfer to Checking
L[Suntrust Saving]
^
D7/12/97
U-22.71
T-22.71
CX
Ncard
PBerry Hill Liquors
LBeer
^
D7/12/97
U-8.65
T-8.65
CX
Ncard
PMapco
LBeer
^
D7/12/97
U-60.00
T-60.00
CX
N486
PLawnmower
LHousehold
^
D7/12/97
U-153.37
T-153.37
CX
N487
PSuntrust
MLoan for Pam
LEli's Bills
^
D7/12/97
U-37.60
T-37.60
CX
N488
PHome Depot
MFence
LHome Repair
^
D7/12/97
U-8.65
T-8.65
CX
N489
PHome Depot
MFence
LHome Repair
^
D7/14/97
U-3.96
T-3.96
CX
Ncard
PMapco
LAuto Fuel
^
D7/15/97
U180.00
T180.00
CX
PDeposit
L1sting Income:Jay Vern's
^
D7/15/97
U-54.00
T-54.00
CX
PTransfer to Savings
MTaxes On Income
L[Suntrust Saving]
^
D7/15/97
U-3.24
T-3.24
CX
N490
PMapco
LFood
^
D7/15/97
U-79.61
T-79.61
CX
N491
PSuntrust
LHome Repair
^
D7/15/97
U0.00
T0.00
CX
N492
PVOID
^
D7/15/97
U-128.40
T-128.40
CX
N493
PMetro Water
LUtilities
^
D7/15/97
U-40.70
T-40.70
CX
N494
PIntermedia
LCable Tv
^
D7/15/97
U-2.51
T-2.51
CX
N495
PJohnson's Hardware
LHousehold
^
D7/16/97
U-9.72
T-9.72
CX
Ncard
PMapco
LBeer
^
D7/16/97
U-12.67
T-12.67
CX
Ncard
PBoardwalk Cafe
LDining
^
D7/16/97
U-13.64
T-13.64
CX
Ncard
PCircle K
LAuto Fuel
^
D7/16/97
U-24.11
T-24.11
CX
N496
PAmerica's Motor Sports
LMotorcycle
^
D7/16/97
U-9.70
T-9.70
CX
N497
PValue Plus
LFood
^
D7/17/97
U115.00
T115.00
CX
PDeposit
L1sting Income:Jay Vern's
^
D7/17/97
U-28.75
T-28.75
CX
PTransfer to Savings
MTaxes On Income
L[Suntrust Saving]
^
D7/17/97
U-3.01
T-3.01
CX
N498
PValue Plus
LFood
^
D7/17/97
U-9.36
T-9.36
CX
N499
PKroger
LFood
^
D7/18/97
U295.00
T295.00
CX
PDeposit
LEli's Bills
^
D7/18/97
U-8.57
T-8.57
CX
Ncard
PTrading Post
LBeer
^
D7/18/97
U-3.24
T-3.24
CX
N500
PThe Movie Gallery
LMovie Rental
^
D7/19/97
U-7.57
T-7.57
CX
Ncard
PMapco
LBeer
^
D7/19/97
U-14.34
T-14.34
CX
N501
PPetsmart
LPet Supplies
^
D7/20/97
U-10.00
T-10.00
CX
PATM Withdrawal
LCash
^
D7/21/97
U115.00
T115.00
CX
PDeposit
L1sting Income:Beaird
^
D7/21/97
U-28.75
T-28.75
CX
PTransfer to Savings
MTaxes On Income
L[Suntrust Saving]
^
D7/21/97
U-9.07
T-9.07
CX
Ncard
PMapco
LBeer
^
D7/21/97
U-25.00
T-25.00
CX
POppenheimer
LInvest Exp
^
D7/21/97
U-74.17
T-74.17
CX
N502
PNES
LUtilities
^
D7/21/97
U-71.10
T-71.10
CX
N503
PBell South
LTelephone
^
D7/22/97
U-1.18
T-1.18
CX
N504
PJohnson's Hardware
LHousehold
^
D7/23/97
U-14.51
T-14.51
CX
N505
PKroger
LFood
^
D7/24/97
U-7.00
T-7.00
CX
Ncard
PSchlotsky's
LDining
^
D7/24/97
U-10.00
T-10.00
CX
PATM Withdrawal
LCash
^
D7/25/97
U-5.45
T-5.45
CX
Ncard
PBP
LBeer
^
D7/25/97
U-21.64
T-21.64
CX
N506
PBerry Hill Liqours
LBeer
^
D7/26/97
U345.00
T345.00
CX
PDeposit
L1sting Income:Beaird
^
D7/26/97
U420.00
T420.00
CX
PDeposit
L1sting Income:County Q
^
D7/26/97
U-229.50
T-229.50
CX
PTransfer to Savings
MTaxes On Income
L[Suntrust Saving]
^
D7/26/97
U-14.43
T-14.43
CX
Ncard
PCone
LAuto Fuel
^
D7/26/97
U-3.25
T-3.25
CX
N507
PBetty Smith Flowers
LHousehold
^
D7/26/97
U-8.98
T-8.98
CX
N508
PChicago Style Gyros
LDining
^
D7/26/97
U-1.98
T-1.98
CX
N509
PJohnson's Hardware
LAuto Repair
^
D7/27/97
U-205.91
T-205.91
CX
N510
PAmerican National
LHealth Ins
^
D7/27/97
U-5.83
T-5.83
CX
N511
PKO's
LDining
^
D7/29/97
U200.00
T200.00
CX
PDeposit
L1sting Income:Independent
^
D7/29/97
U-10.00
T-10.00
CX
PATM Withdrawal
LCash
^
D7/29/97
U-3.24
T-3.24
CX
Ncard
PMapco
LFood
^
D7/29/97
U0.00
T0.00
CX
N512
PAnna Presley
MVOID
^
D7/30/97
U-20.00
T-20.00
CX
PATM Withdrawal
LCash
^
D7/30/97
U-6.93
T-6.93
CX
Ncard
PKwik Sak
LAuto Fuel
^
D7/30/97
U-13.00
T-13.00
CX
Ncard
PCourtyard Cafe
LBeer
^
D7/30/97
U-5.50
T-5.50
CX
Ncard
PCourtyard Cafe
LBeer
^
D7/30/97
U-7.57
T-7.57
CX
Ncard
PMapco
LBeer
^
D7/31/97
U-11.99
T-11.99
CX
N513
PLa Hacienda
LDining
^
D8/ 1/97
U180.00
T180.00
CX
PDeposit
L1sting Income:Beaird
^
D8/ 1/97
U410.00
T410.00
CX
PDeposit
L1sting Income:County Q
^
D8/ 1/97
U-177.00
T-177.00
CX
PTransfer to Savings
MTaxes On Income
L[Suntrust Saving]
^
D8/ 1/97
U-8.65
T-8.65
CX
Ncard
PMapco
LBeer
^
D8/ 1/97
U-9.95
T-9.95
CX
PAOL
LAOL
^
D8/ 1/97
U-10.92
T-10.92
CX
N514
PJohnson's hardware
LMotorcycle
^
D8/ 1/97
U-3.24
T-3.24
CX
N515
PMovie Gallery
LMovie Rental
^
D8/ 2/97
U-20.00
T-20.00
CX
PATM Withdrawal
LCash
^
D8/ 2/97
U-27.59
T-27.59
CX
Ncard
PDemos'
LDining
^
D8/ 2/97
U-3.24
T-3.24
CX
Ncard
PMapco
LFood
^
D8/ 2/97
U-8.25
T-8.25
CX
Ncard
PGolden Dragon
LDining
^
D8/ 2/97
U-3.24
T-3.24
CX
N516
PMovie Gallery
LMovie Rental
^
D8/ 3/97
U-10.68
T-10.68
CX
N517
PKroger
LFood
^
D8/ 3/97
U-11.08
T-11.08
CX
N518
PPetsmart
LPet Supplies
^
D8/ 5/97
U-4.67
T-4.67
CX
Ncard
PInternational market
LDining
^
D8/ 5/97
U-10.00
T-10.00
CX
PChecking Service Fee
LBank Chrg
^
D8/ 6/97
U150.00
T150.00
CX
PDeposit
L1sting Income:Independent
^
D8/ 6/97
U35.00
T35.00
CX
PDeposit
LEli's Bills
^
D8/ 6/97
U-40.00
T-40.00
CX
PATM Withdrawal
LCash
^
D8/ 6/97
U-377.59
T-377.59
CX
N519
PSource One
LMortgage
^
D8/ 6/97
U-12.43
T-12.43
CX
N520
PKroger
LFood
^
D8/ 6/97
U-6.48
T-6.48
CX
N521
PJohnson's Hardware
LMotorcycle
^
D8/ 7/97
U-20.00
T-20.00
CX
PATM Withdrawal
LCash
^
D8/ 7/97
U-5.16
T-5.16
CX
N522
PAutozone
LMotorcycle
^
D8/ 7/97
U-50.00
T-50.00
CX
N523
PPamela Thompson
LEli's Bills
^
D8/ 7/97
U-13.87
T-13.87
CX
N524
PAmoco
LAuto Fuel
^
D8/ 7/97
U-8.07
T-8.07
CX
N525
PA+ Communications
LBeeper
^
D8/ 7/97
U-79.61
T-79.61
CX
N526
PSuntrust
LHome Repair
^
D8/ 7/97
U-75.00
T-75.00
CX
N527
PSandy Medd
LAccounting
^
D8/ 7/97
U-80.90
T-80.90
CX
N528
PStudent Loan Servicing Center
LStudent Loans
^
D8/ 8/97
U-1.76
T-1.76
CX
Ncard
PWalker Lumber
LHousehold
^
D8/ 8/97
U-6.70
T-6.70
CX
Ncard
PBlockbuster
LMovie Rental
^
D8/ 8/97
U-11.89
T-11.89
CX
Ncard
PMapco
LBeer
^
D8/ 8/97
U-5.60
T-5.60
CX
Ncard
PWalker Lumber
LHousehold
^
D8/ 8/97
U-2.88
T-2.88
CX
Ncard
PWalker Lumber
LMotorcycle
^
D8/ 8/97
U-4.20
T-4.20
CX
Ncard
PWalker Lumber
LHousehold
^
D8/ 9/97
U-12.69
T-12.69
CX
Ncard
PKwik Sak
LAuto Fuel
^
D8/ 9/97
U-8.23
T-8.23
CX
Ncard
PFood Lion
LFood
^
D8/ 9/97
U-6.47
T-6.47
CX
N529
PWalgreens
LEngineer Exp
^
D8/10/97
U-5.88
T-5.88
CX
N530
PJohnson's Hardware
LMotorcycle
^
D8/10/97
U-1.30
T-1.30
CX
N531
PJohnson's Harware
LMotorcycle
^
D8/11/97
U-5.00
T-5.00
CX
N532
PTW Cargile
LDining
^
D8/12/97
U-8.65
T-8.65
CX
Ncard
PMapco
LBeer
^
D8/13/97
U-33.56
T-33.56
CX
N533
PAmerican Motosports
LMotorcycle
^
D8/14/97
U-8.65
T-8.65
CX
Ncard
PMapco
LBeer
^
D8/14/97
U-12.17
T-12.17
CX
Ncard
PApplebee's
LDining
^
D8/15/97
U655.00
T655.00
CX
PDeposit
L1sting Income:County Q
^
D8/15/97
U-196.50
T-196.50
CX
PTransfer to Savings
MTaxes On Income
L[Suntrust Saving]
^
D8/15/97
U-1.07
T-1.07
CX
Ncard
PGasmart
LFood
^
D8/15/97
U-11.21
T-11.21
CX
Ncard
PPhillips 66
LBeer
^
D8/15/97
U-4.72
T-4.72
CX
Ncard
PMapco
LAuto Fuel
^
D8/16/97
U-9.51
T-9.51
CX
Ncard
PFast Lane
LAuto Fuel
^
D8/17/97
U-14.22
T-14.22
CX
Ncard
PMapco
LAuto Fuel
^
D8/17/97
U-10.61
T-10.61
CX
Ncard
PZinnie's
LDining
^
D8/18/97
U200.00
T200.00
CX
PDeposit
LEli's Bills
^
D8/18/97
U-11.21
T-11.21
CX
N534
PKroger
LFood
^
D8/18/97
U-34.04
T-34.04
CX
N535
PMetro Water
LUtilities
^
D8/18/97
U-82.04
T-82.04
CX
N536
PNES
LUtilities
^
D8/18/97
U-60.65
T-60.65
CX
N537
PBell South
LTelephone
^
D8/18/97
U-6.40
T-6.40
CX
N538
PUSPS
LHousehold
^
D8/20/97
U-6.48
T-6.48
CX
Ncard
PMapco
LBeer
^
D8/20/97
U-10.00
T-10.00
CX
Ncard
PATM Withdrawal
LCash
^
D8/20/97
U-4.64
T-4.64
CX
Ncard
PJohnson's Hardware
LMotorcycle
^
D8/20/97
U-2.89
T-2.89
CX
Ncard
PMapco
LMotorcycle
^
D8/20/97
U-25.00
T-25.00
CX
POppenheimer
LInvest Exp
^
D8/20/97
U-36.66
T-36.66
CX
N539
PIntermedia
LCable Tv
^
D8/20/97
U-100.00
T-100.00
CX
N540
PCity Finance
LHome Repair
^
D8/20/97
U-50.00
T-50.00
CX
N541
PMitch Kincaid
LEli's Bills
^
D8/20/97
U-3.90
T-3.90
CX
N542
PThe Tennessean
LNewspaper
^
D8/21/97
U425.00
T425.00
CX
PDeposit
L1sting Income:County Q
^
D8/21/97
U-20.70
T-20.70
CX
Ncard
PMapco
LAuto Fuel
^
D8/21/97
U-106.25
T-106.25
CX
PTransfer to Savings
MTaxes On Income
L[Suntrust Saving]
^
D8/21/97
U-20.00
T-20.00
CX
PATM Withdrawal
LCash
^
D8/21/97
U-35.00
T-35.00
CX
N543
PThe Sierra Club
LCharity
^
D8/21/97
U-150.00
T-150.00
CX
N544
PAdvanta
LCredit Card
^
D8/22/97
U-32.58
T-32.58
CX
Ncard
PBlackstone
LDining
^
D8/22/97
U-4.87
T-4.87
CX
N545
PThe Rice Bowl
LDining
^
D8/23/97
U-3.99
T-3.99
CX
Ncard
PBlockbuster
LMovie Rental
^
D8/23/97
U-10.59
T-10.59
CX
Ncard
PKroger
LBeer
^
D8/23/97
U-29.00
T-29.00
CX
Ncard
PWalmart
MFishing Liscences
LRecreation
^
D8/23/97
U-54.05
T-54.05
CX
Ncard
PWillie's
MBrake Master Cylinder
LMotorcycle
^
D8/24/97
U-7.01
T-7.01
CX
Ncard
PSpeedway
LAuto Fuel
^
D8/24/97
U-5.39
T-5.39
CX
Ncard
PWalgreens
LHome Repair
^
D8/25/97
U495.00
T495.00
CX
PDeposit
L1sting Income:Independent
^
D8/25/97
U-21.64
T-21.64
CX
Ncard
PAuto Zone
LAuto Repair
^
D8/25/97
U-2.17
T-2.17
CX
Ncard
PAuto Zone
LAuto Repair
^
D8/25/97
U-1.45
T-1.45
CX
Ncard
PAuto Zone
LAuto Repair
^
D8/25/97
U-10.00
T-10.00
CX
PATM Withdrawal
LCash
^
D8/25/97
U-123.75
T-123.75
CX
PTransfer to Savings
MTaxes On Income
L[Suntrust Saving]
^
D8/25/97
U-42.00
T-42.00
CX
N546
PDr. Meyers
LDentist
^
D8/26/97
U-9.84
T-9.84
CX
Ncard
PHome Depot
LHousehold
^
D8/26/97
U-9.93
T-9.93
CX
Ncard
PKroger
LFood
^
D8/26/97
U-58.00
T-58.00
CX
N547
PDavidson County Clerk
LAuto Serv
^
D8/27/97
U-9.74
T-9.74
CX
N548
PRice Bowl
LDining
^
D8/27/97
U-5.00
T-5.00
CX
N549
PTN Dept of Safety
LMotorcycle
^
D8/27/97
U-59.00
T-59.00
CX
N550
PDavidson County Clerk
LMotorcycle
^
D8/27/97
U-25.00
T-25.00
CX
N551
PPamela Thompson
LEli's Bills
^
D8/27/97
U-10.81
T-10.81
CX
N552
PAmerican Motosport
LMotorcycle
^
D8/27/97
U-6.50
T-6.50
CX
N553
PPetsmart
LPet Supplies
^
D8/28/97
U-10.00
T-10.00
CX
PATM Withdrawal
LCash
^
D8/28/97
U-6.48
T-6.48
CX
Ncard
PMapco
LBeer
^
D8/29/97
U-14.06
T-14.06
CX
N554
PBerry Hill Liqours
LBeer
^
D8/30/97
U610.00
T610.00
CX
PDeposit
L1sting Income:County Q
^
D8/30/97
U110.00
T110.00
CX
PDeposit
L1sting Income:Beaird
^
D8/30/97
U-180.00
T-180.00
CX
PTransfer to Savings
MTaxes On Income
L[Suntrust Saving]
^
D8/30/97
U-14.75
T-14.75
CX
Ncard
PCone
LAuto Fuel
^
D8/30/97
U-49.80
T-49.80
CX
Ncard
PPhonoluxe
LCDs
^
D8/30/97
U-5.33
T-5.33
CX
N555
PKroger
LFood
^
D8/31/97
U-21.65
T-21.65
CX
Ncard
PClassic Rock
LRecreation
^
D9/ 1/97
U-29.03
T-29.03
CX
Ncard
PThe Spaghetti Factory
LDining
^
D9/ 1/97
U-16.84
T-16.84
CX
Ncard
PHome Depot
LHome Repair:Deck
^
D9/ 1/97
U-12.97
T-12.97
CX
Ncard
PMichael's
LHousehold
^
D9/ 2/97
U-9.72
T-9.72
CX
Ncard
PMapco
LBeer
^
D9/ 2/97
U-9.95
T-9.95
CX
PAOL
LAOL
^
D9/ 3/97
U-5.00
T-5.00
CX
Ncard
PKroger
LFood
^
D9/ 3/97
U-377.59
T-377.59
CX
N556
PSource One
LMortgage
^
D9/ 4/97
U-8.65
T-8.65
CX
Ncard
PMapco
LBeer
^
D9/ 4/97
U-10.00
T-10.00
CX
PChecking Service Fee
LBank Chrg
^
D9/ 4/97
U-6.50
T-6.50
CX
N557
PMichael's
LHousehold
^
D9/ 4/97
U-9.50
T-9.50
CX
N558
PKroger
LFood
^
D9/ 5/97
U245.00
T245.00
CX
PDeposit
L1sting Income
^
D9/ 5/97
U-21.64
T-21.64
CX
Ncard
PRadio Shack
LEngineer Exp
^
D9/ 5/97
U-7.69
T-7.69
CX
Ncard
PMapco
LAuto Fuel
^
D9/ 5/97
U-20.00
T-20.00
CX
PATM Withdrawal
LCash
^
D9/ 5/97
U-45.00
T-45.00
CX
PTransfer to Savings
MTaxes On Income
L[Suntrust Saving]
^
D9/ 5/97
U-94.86
T-94.86
CX
N559
PAuto Insurance Center
LAuto Insurance
^
D9/ 5/97
U-15.00
T-15.00
CX
N560
PJoe Hauser
LRecreation
^
D9/ 6/97
U-4.50
T-4.50
CX
Ncard
PSidestreet Grille
LBeer
^
D9/ 7/97
U-16.77
T-16.77
CX
Ncard
PBreckinridge
LDining
^
D9/ 7/97
U-5.00
T-5.00
CX
Ncard
PMapco
LAuto Fuel
^
D9/ 8/97
U-14.32
T-14.32
CX
Ncard
PMapco
LAuto Fuel
^
D9/ 8/97
U-4.86
T-4.86
CX
Ncard
PSchlotsky's
LDining
^
D9/ 8/97
U-100.00
T-100.00
CX
N561
PPamela
LEli's Bills
^
D9/ 8/97
U-9.65
T-9.65
CX
N562
PPizza Hut
LDining
^
D9/ 9/97
U-7.57
T-7.57
CX
Ncard
PMapco
LBeer
^
D9/ 9/97
U-21.93
T-21.93
CX
Ncard
PHome Depot
LHome Repair:Deck
^
D9/ 9/97
U-8.24
T-8.24
CX
Ncard
PMapco
LAuto Fuel
^
D9/ 9/97
U-6.35
T-6.35
CX
N563
PJohnson's Hardware
LHome Repair:Deck
^
D9/10/97
U-18.38
T-18.38
CX
Ncard
PKroger
LGifts
^
D9/10/97
U-50.00
T-50.00
CX
N564
PAdvanta
LCredit Card
^
D9/10/97
U-8.07
T-8.07
CX
N565
PA+ Communications
LBeeper
^
D9/10/97
U-41.43
T-41.43
CX
N566
PMetro Water
LUtilities
^
D9/10/97
U-12.98
T-12.98
CX
N567
PBerry Hill Liquor
LBeer
^
D9/11/97
U60.00
T60.00
CX
PDeposit
L1sting Income:Independent
^
D9/11/97
U230.00
T230.00
CX
PDeposit
L1sting Income:Beaird
^
D9/11/97
U-90.00
T-90.00
CX
PTransfer to Savings
MTaxes On Income
L[Suntrust Saving]
^
D9/12/97
U362.00
T362.00
CX
PDeposit
LEli's Bills
^
D9/12/97
U115.00
T115.00
CX
PDeposit
L1sting Income:County Q
^
D9/12/97
U-9.95
T-9.95
CX
Ncard
PMapco
LBeer
^
D9/12/97
U-34.50
T-34.50
CX
PTransfer to Savings
MTaxes On Income
L[Suntrust Saving]
^
D9/12/97
U-23.40
T-23.40
CX
N568
PKroger
LFood
^
D9/13/97
U-5.00
T-5.00
CX
Ncard
PMapco
LAuto Fuel
^
D9/15/97
U-30.06
T-30.06
CX
Ncard
PSiam Cafe
LDining
^
D9/15/97
U-5.29
T-5.29
CX
Ncard
PScholtsky's
LDining
^
D9/16/97
U-15.00
T-15.00
CX
Ncard
PElysian Inn
LBeer
^
D9/16/97
U-80.90
T-80.90
CX
N576
PStudent Loan Servicing Center
LStudent Loans
^
D9/16/97
U-79.61
T-79.61
CX
N577
PSuntrust
LHome Repair
^
D9/16/97
U-80.33
T-80.33
CX
N578
PNES
LUtilities
^
D9/16/97
U-45.81
T-45.81
CX
N579
PBellSouth
LTelephone
^
D9/17/97
U-58.00
T-58.00
CX
Ncard
PHome Depot
LHome Repair:Deck
^
D9/18/97
U0.05
T0.05
CX
PBalance Adjustment
LBad Records
^
D9/18/97
U0.33
T0.33
CX
PBalance Adjustment
LBad Records
^
D9/18/97
U-8.66
T-8.66
CX
Ncard
PPhonoluxe
LCDs
^
D9/18/97
U-8.65
T-8.65
CX
Ncard
PMapco
LBeer
^
D9/18/97
U-7.03
T-7.03
CX
Ncard
PLaHacienda
LDining
^
D9/19/97
U170.00
T170.00
CX
PDeposit
L1sting Income:County Q
^
D9/19/97
U-50.00
T-50.00
CX
PTransfer to Savings
MTaxes On Income
L[Suntrust Saving]
^
D9/19/97
U-4.68
T-4.68
CX
Ncard
PWalker Lumber
LHome Repair:Deck
^
D9/19/97
U-3.64
T-3.64
CX
Ncard
PHome Depot
LHome Repair:Deck
^
D9/20/97
U-25.00
T-25.00
CX
POppenheimer
LInvest Exp
^
D9/20/97
U-9.94
T-9.94
CX
Ncard
PMapco
LBeer
^
D9/20/97
U-28.36
T-28.36
CX
Ncard
PBoardwalk
LDining
^
D9/21/97
U-59.57
T-59.57
CX
Ncard
PFoodMax
LFood
^
D9/22/97
U-5.00
T-5.00
CX
Ncard
PConvenience Mart
LAuto Fuel
^
D9/22/97
U-37.35
T-37.35
CX
Ncard
PScottish Inns
LTravel Expense
^
D9/22/97
U-26.05
T-26.05
CX
Ncard
PArt Pancake's
LHome Repair:Deck
^
D9/23/97
U-16.23
T-16.23
CX
Ncard
PCone Oil
LAuto Fuel
^
D9/23/97
U-6.00
T-6.00
CX
Ncard
PPilot
LAuto Fuel
^
D9/24/97
U2,600.00
T2,600.00
CX
PTransfer to Checking
L[Suntrust Saving]
^
D9/24/97
U-2,492.00
T-2,492.00
CX
N580
PInternal Revenue Service
LTax Fed
^
D9/24/97
U-7.18
T-7.18
CX
N581
PUSPS
LHousehold
^
D9/24/97
U-2.53
T-2.53
CX
N582
PValue Plus
LFood
^
D9/24/97
U-50.00
T-50.00
CX
N583
PIntermedia
LCable Tv
^
D9/25/97
U-20.00
T-20.00
CX
Ncard
PATM Withdrawal
LCash
^
D9/28/97
U-13.61
T-13.61
CX
Ncard
PMapco
LBeer
^
D9/29/97
U120.00
T120.00
CX
PDeposit
LEli's Bills
^
D9/29/97
U195.00
T195.00
CX
PDeposit
L1sting Income:Beaird
^
D9/29/97
U315.00
T315.00
CX
PDeposit
L1sting Income:County Q
^
D9/29/97
U100.00
T100.00
CX
PDeposit
LEli's Bills
^
D9/29/97
U-127.50
T-127.50
CX
PTransfer to Savings
MTaxes On Income
L[Suntrust Saving]
^
D9/30/97
U-66.87
T-66.87
CX
Ncard
PHome Depot
LHome Repair:Deck
^
D9/30/97
U-39.67
T-39.67
CX
Ncard
PHome Depot
LHome Repair:Deck
^
D9/30/97
U-50.00
T-50.00
CX
N584
PCity Finance
LHousehold
^
D10/ 1/97
U-30.25
T-30.25
CX
Ncard
P12th And Porter
LBeer
^
D10/ 1/97
U-9.95
T-9.95
CX
PAOL
LAOL
^
D10/ 1/97
U-54.03
T-54.03
CX
N586
PProgressive Insurance
LAuto Insurance
^
D10/ 2/97
U-4.54
T-4.54
CX
Ncard
PWalker Hardware
LHome Repair:Deck
^
D10/ 2/97
U-4.10
T-4.10
CX
Ncard
PMapco
LBeer
^
D10/ 2/97
U-150.63
T-150.63
CX
Ncard
PHome Depot
LHome Repair:Deck
^
D10/ 3/97
U495.00
T495.00
CX
PDeposit
L1sting Income:County Q
^
D10/ 3/97
U90.00
T90.00
CX
PDeposit
L1sting Income:Beaird
^
D10/ 3/97
U-150.00
T-150.00
CX
PTransfer to Savings
MTaxes On Income
L[Suntrust Saving]
^
D10/ 3/97
U-28.42
T-28.42
CX
Ncard
PHome Depot
LHome Repair:Deck
^
D10/ 3/97
U-17.75
T-17.75
CX
Ncard
PGold Rush
LBeer
^
D10/ 4/97
U-8.32
T-8.32
CX
Ncard
PBP
LBeer
^
D10/ 5/97
U-28.34
T-28.34
CX
Ncard
PBP
LAuto Fuel
^
D10/ 5/97
U-377.59
T-377.59
CX
N585
PSource One
LMortgage
^
D10/ 6/97
U320.00
T320.00
CX
PDeposit
L1sting Income:Independent
^
D10/ 6/97
U-10.00
T-10.00
CX
PChecking Service Fee
LBank Chrg
^
D10/ 7/97
U24.84
T24.84
CX
PHome Depot
LReturn Merch
^
D10/ 7/97
U-50.88
T-50.88
CX
Ncard
PHome Depot
LHome Repair:Deck
^
D10/ 8/97
U-21.62
T-21.62
CX
Ncard
PCafe Bambino
LDining
^
D10/ 8/97
U-70.00
T-70.00
CX
N587
PPamela Thompson
LLoan
^
D10/ 9/97
U-20.00
T-20.00
CX
Ncard
PATM Withdrawal
LCash
^
D10/ 9/97
U-57.41
T-57.41
CX
Ncard
PHome Depot
LHome Repair:Deck
^
D10/10/97
U525.00
T525.00
CX
PDeposit
L1sting Income:County Q
^
D10/10/97
U-157.50
T-157.50
CX
PTransfer to Savings
MTaxes On Income
L[Suntrust Saving]
^
D10/10/97
U-5.36
T-5.36
CX
Ncard
PNoshville
LDining
^
D10/10/97
U-8.65
T-8.65
CX
Ncard
PMapco
LBeer
^
D10/11/97
U-4.20
T-4.20
CX
Ncard
PMapco
LFood
^
D10/11/97
U-8.00
T-8.00
CX
Ncard
PMajor Brew
LBeer
^
D10/12/97
U-21.00
T-21.00
CX
Ncard
PATM Withdrawal
LCash
^
D10/12/97
U-1.00
T-1.00
CX
PATM Fee
LBastards
^
D10/12/97
U-6.57
T-6.57
CX
Ncard
PPizza Perfect
LDining
^
D10/12/97
U-20.00
T-20.00
CX
PATM Withdrawal
LCash
^
D10/13/97
U-4.20
T-4.20
CX
Ncard
PMapco
LFood
^
D10/14/97
U-42.33
T-42.33
CX
Ncard
PBoardwalk Cafe
LDining
^
D10/15/97
U-4.97
T-4.97
CX
Ncard
PMajor Brew
LDining
^
D10/15/97
U-6.40
T-6.40
CX
Ncard
PUSPS
LHousehold
^
D10/15/97
U-79.61
T-79.61
CX
N588
PSuntrust
LHome Repair
^
D10/15/97
U-96.00
T-96.00
CX
N589
PBell South
LTelephone
^
D10/15/97
U-8.07
T-8.07
CX
N590
PA+ Communications
LBeeper
^
D10/15/97
U-34.04
T-34.04
CX
N591
PMetro Water
LUtilities
^
D10/15/97
U-73.37
T-73.37
CX
N592
PNES
LUtilities
^
D10/15/97
U-75.00
T-75.00
CX
N593
PAdvanta
LCredit Card
^
D10/15/97
U-80.90
T-80.90
CX
N594
PStudent Loan Servicing Center
LStudent Loans
^
D10/15/97
U-50.00
T-50.00
CX
N595
PCity Finance
LHome Repair
^
D10/16/97
U-50.40
T-50.40
CX
Ncard
POrchid
LDining
^
D10/16/97
U-14.26
T-14.26
CX
Ncard
PMajor Brew
LDining
^
D10/16/97
U-18.98
T-18.98
CX
Ncard
PMapco
LAuto Fuel
^
D10/17/97
U-8.65
T-8.65
CX
Ncard
PMapco
LBeer
^
D10/17/97
U-24.00
T-24.00
CX
Ncard
PFedEx
LEngineer Exp
^
D10/19/97
U-4.46
T-4.46
CX
Ncard
PHome Depot
LHome Repair:Deck
^
D10/19/97
U-92.92
T-92.92
CX
Ncard
P101st Airborne
MEngagement Dinner
LDining
^
D10/19/97
U-40.18
T-40.18
CX
Ncard
PHome Depot
LHome Repair:Deck
^
D10/20/97
U285.00
T285.00
CX
PDeposit
L1sting Income:County Q
^
D10/20/97
U-60.00
T-60.00
CX
PTransfer to Savings
MTaxes On Income
L[Suntrust Saving]
^
D10/20/97
U-25.00
T-25.00
CX
POppenheimer
LInvest Exp
^
D10/21/97
U-8.65
T-8.65
CX
Ncard
PMapco
LBeer
^
D10/21/97
U-100.00
T-100.00
CX
N596
PPamela Thompson
LLoan
^
D10/22/97
U100.00
T100.00
CX
PTransfer to Checking
L[Suntrust Saving]
^
D10/22/97
U-11.89
T-11.89
CX
Ncard
PMapco
LBeer
^
D10/22/97
U-40.02
T-40.02
CX
Ncard
PMedia Play
LCDs
^
D10/22/97
U-26.43
T-26.43
CX
Ncard
PHome Depot
LHousehold
^
D10/22/97
U-5.00
T-5.00
CX
POverdraft Fee
LBank Chrg
^
D10/23/97
U150.00
T150.00
CX
PTransfer to Checking
L[Suntrust Saving]
^
D10/23/97
U-3.16
T-3.16
CX
Ncard
PMapco
LAuto Fuel
^
D10/23/97
U-76.33
T-76.33
CX
N597
PIntermedia
LCable Tv
^
D10/23/97
U-205.91
T-205.91
CX
N598
PAmerican National
LHealth Ins
^
D10/24/97
U300.00
T300.00
CX
PDeposit
LEli's Bills
^
D10/24/97
U-16.00
T-16.00
CX
Ncard
PMeditteranean Restraunt
LBeer
^
D10/24/97
U-13.94
T-13.94
CX
Ncard
PO' Charley's
LBeer
^
D10/25/97
U-32.46
T-32.46
CX
Ncard
PReebok
LClothing
^
D10/25/97
U-6.80
T-6.80
CX
Ncard
PKwik Sak
LAuto Fuel
^
D10/26/97
U-39.45
T-39.45
CX
Ncard
POld Time Pottery
LHousehold
^
D10/27/97
U195.00
T195.00
CX
PDeposit
L1sting Income:Independent
^
D10/27/97
U320.00
T320.00
CX
PDeposit
L1sting Income:County Q
^
D10/27/97
U-304.50
T-304.50
CX
PTransfer to Savings
MTaxes On Income
L[Suntrust Saving]
^
D10/27/97
U-9.28
T-9.28
CX
Ncard
PKroger
LHousehold
^
D10/27/97
U-4.31
T-4.31
CX
Ncard
PCone
LFood
^
D10/27/97
U-12.98
T-12.98
CX
Ncard
PService Merchandise
LHousehold
^
D10/27/97
U-6.16
T-6.16
CX
Ncard
PService Merchandise
LHousehold
^
D10/27/97
U-6.47
T-6.47
CX
Ncard
PHome Depot
LHousehold
^
D10/27/97
U-9.95
T-9.95
CX
Ncard
PCybernet?
^
D10/27/97
U-17.62
T-17.62
CX
N599
PBerry Hill Liqours
LBeer
^
D10/28/97
U-8.65
T-8.65
CX
Ncard
PMapco
LBeer
^
D10/28/97
U-5.74
T-5.74
CX
Ncard
PScholtsky's
LDining
^
D10/29/97
U-5.29
T-5.29
CX
Ncard
PSchlotsky's
LDining
^
D10/30/97
U-1.66
T-1.66
CX
Ncard
PJohnson's Hardware
LHome Repair:Deck
^
D10/30/97
U-47.85
T-47.85
CX
Ncard
PApplebee's
LDining
^
D10/31/97
U25.00
T25.00
CX
PDeposit
L1sting Income:Independent
^
D10/31/97
U100.00
T100.00
CX
PDeposit
LEli's Bills
^
D10/31/97
U280.00
T280.00
CX
PDeposit
L1sting Income:Jay Vern's
^
D10/31/97
U-84.00
T-84.00
CX
PTransfer to Savings
MTaxes On Income
L[Suntrust Saving]
^
D10/31/97
U-20.00
T-20.00
CX
PATM Withdrawal
LCash
^
D10/31/97
U-9.95
T-9.95
CX
PAOL
LAOL
^
D10/31/97
U-10.00
T-10.00
CX
PChecking Service Fee
LBank Chrg
^
D11/ 2/97
U32.46
T32.46
CX
Ncard
PReebok
LReturn Merch
^
D11/ 2/97
U-50.80
T-50.80
CX
Ncard
PHome Depot
LHome Repair:Deck
^
D11/ 2/97
U-53.04
T-53.04
CX
Ncard
PBittner's
LEntertain
^
D11/ 2/97
U-34.34
T-34.34
CX
Ncard
PNations Best
LTravel Expense
^
D11/ 2/97
U-3.77
T-3.77
CX
Ncard
PWinn Dixie
LMedical
^
D11/ 3/97
U-15.00
T-15.00
CX
Ncard
PAsia Restraunt
LDining
^
D11/ 4/97
U-8.52
T-8.52
CX
Ncard
PWalgreens
LHousehold
^
D11/ 4/97
U-8.65
T-8.65
CX
Ncard
PMapco
LBeer
^
D11/ 4/97
U-10.00
T-10.00
CX
Ncard
PKwik Sak
LAuto Fuel
^
D11/ 4/97
U-20.00
T-20.00
CX
N600
PReed Ridley
LEntertain
^
D11/ 4/97
U-377.59
T-377.59
CX
N601
PSource One
LMortgage
^
D11/ 5/97
U345.00
T345.00
CX
PDeposit
L1sting Income:Beaird
^
D11/ 5/97
U-7.57
T-7.57
CX
Ncard
PVideo Place
LMovie Rental
^
D11/ 5/97
U-5.40
T-5.40
CX
Ncard
PKroger
LFood
^
D11/ 5/97
U-11.50
T-11.50
CX
Ncard
PHome Depot
LHome Repair:Deck
^
D11/ 5/97
U-19.24
T-19.24
CX
Ncard
PHome Depot
LHome Repair:Deck
^
D11/ 5/97
U-86.25
T-86.25
CX
PTransfer to Savings
MTaxes On Income
L[Suntrust Saving]
^
D11/ 6/97
U-5.83
T-5.83
CX
N602
PRice Bowl
LDining
^
D11/ 6/97
U-10.82
T-10.82
CX
N603
PBerry Hill Liqours
LBeer
^
D11/ 6/97
U-4.87
T-4.87
CX
N604
PThe Rice Bowl
LDining
^
D11/ 7/97
U-24.25
T-24.25
CX
Ncard
PMainstreet
LBeer
^
D11/ 7/97
U-11.89
T-11.89
CX
Ncard
PMapco
LBeer
^
D11/ 8/97
U300.00
T300.00
CX
PDeposit
L1sting Income:County Q
^
D11/ 8/97
U150.00
T150.00
CX
PDeposit
LEli's Bills
^
D11/ 8/97
U-10.00
T-10.00
CX
PATM Withdrawal
LCash
^
D11/ 9/97
U-16.25
T-16.25
CX
Ncard
P12th and Porter
LBeer
^
D11/ 9/97
U-10.98
T-10.98
CX
Ncard
PCone Oil
LAuto Fuel
^
D11/ 9/97
U-20.00
T-20.00
CX
Ncard
PATM Withdrawal
LCash
^
D11/10/97
U-8.32
T-8.32
CX
Ncard
PBP
LBeer
^
D11/10/97
U-4.18
T-4.18
CX
Ncard
PShell
LAuto Fuel
^
D11/10/97
U-52.71
T-52.71
CX
Ncard
PLogan's Roadhouse
LDining
^
D11/10/97
U-34.34
T-34.34
CX
Ncard
PNation's Best
LTravel Expense
^
D11/11/97
U-0.50
T-0.50
CX
PBalance Adjustment
LBad Records
^
D11/12/97
U1,620.00
T1,620.00
CX
PDeposit
MBlackbird Records-Brownie Mary
L1sting Income:Independent
^
D11/12/97
U-500.00
T-500.00
CX
PTransfer to Savings
MTaxes On Income
L[Suntrust Saving]
^
D11/12/97
U-300.00
T-300.00
CX
PPamela
LLoan
^
D11/12/97
U-11.89
T-11.89
CX
Ncard
PMapco
LBeer
^
D11/12/97
U-8.65
T-8.65
CX
Ncard
PCircle K
LBeer
^
D11/14/97
U725.00
T725.00
CX
PDeposit
L1sting Income:County Q
^
D11/14/97
U-217.50
T-217.50
CX
PTransfer to Savings
MTaxes On Income
L[Suntrust Saving]
^
D11/14/97
U-9.75
T-9.75
CX
Ncard
PKroger
LFood
^
D11/14/97
U-14.25
T-14.25
CX
Ncard
PSeanachie
LBeer
^
D11/14/97
U-16.15
T-16.15
CX
Ncard
PPetsmart
LPet Supplies
^
D11/14/97
U-10.00
T-10.00
CX
PATM Withdrawal
LCash
^
D11/14/97
U-69.91
T-69.91
CX
N605
PNES
LUtilities
^
D11/14/97
U-8.52
T-8.52
CX
N606
PA+ Communications
LBeeper
^
D11/14/97
U0.00
T0.00
CX
N607
PVOID
^
D11/14/97
U-80.90
T-80.90
CX
N608
PStudent Loan Servicing Center
LStudent Loans
^
D11/14/97
U-34.04
T-34.04
CX
N609
PMetro Water
LUtilities
^
D11/14/97
U-79.61
T-79.61
CX
N610
PSuntrust
LHome Repair
^
D11/14/97
U-41.37
T-41.37
CX
N611
PBell South
LTelephone
^
D11/14/97
U-77.87
T-77.87
CX
N612
PCity Finance
LHome Repair
^
D11/14/97
U-300.00
T-300.00
CX
N613
PAdvanta
LCredit Card
^
D11/14/97
U-64.03
T-64.03
CX
N614
PProgressive Ins
LAuto Insurance
^
D11/14/97
U-6.40
T-6.40
CX
N615
PUSPS
LHousehold
^
D11/14/97
U-10.00
T-10.00
CX
N616
PSierra Club
LCharity
^
D11/14/97
U-10.00
T-10.00
CX
N617
PThe Nature Conservancy
LCharity
^
D11/14/97
U-10.00
T-10.00
CX
N618
PSouthern Poverty Law Ctr
LCharity
^
D11/14/97
U-8.65
T-8.65
CX
N619
PBerry Hill Liqour
LBeer
^
D11/15/97
U-31.54
T-31.54
CX
Ncard
PKroger
LFood
^
D11/16/97
U-43.27
T-43.27
CX
Ncard
PFoot Locker
LClothing
^
D11/18/97
U-18.92
T-18.92
CX
Ncard
PWalgreens
LHousehold
^
D11/18/97
U-15.84
T-15.84
CX
Ncard
PMapco
LAuto Fuel
^
D11/18/97
U-11.38
T-11.38
CX
Ncard
PInternational Market
LDining
^
D11/20/97
U-25.00
T-25.00
CX
POppenheimer
LInvest Exp
^
D11/20/97
U-4.87
T-4.87
CX
N620
PRice Bowl
LDining
^
D11/21/97
U445.00
T445.00
CX
PDeposit
L1sting Income:County Q
^
D11/21/97
U-0.50
T-0.50
CX
PCash
LCash
^
D11/21/97
U-133.00
T-133.00
CX
PTransfer to Savings
MTaxes On Income
L[Suntrust Saving]
^
D11/21/97
U-8.65
T-8.65
CX
Ncard
PCitgo
LBeer
^
D11/21/97
U-8.65
T-8.65
CX
Ncard
PCircle K
LBeer
^
D11/21/97
U-20.00
T-20.00
CX
PATM Withdrawal
LCash
^
D11/22/97
U-42.47
T-42.47
CX
Ncard
PSeanachie
LEntertain
^
D11/22/97
U-10.82
T-10.82
CX
N621
PBerry Hill Liquors
LBeer
^
D11/23/97
U-66.89
T-66.89
CX
Ncard
PKroger
LFood
^
D11/23/97
U-11.67
T-11.67
CX
N622
PRice Bowl
LDining
^
D11/25/97
U100.00
T100.00
CX
PDeposit
L1sting Income:Independent
^
D11/25/97
U-20.00
T-20.00
CX
PCash
LCash
^
D11/25/97
U-3.78
T-3.78
CX
Ncard
PMapco
LAuto Fuel
^
D11/25/97
U-50.88
T-50.88
CX
N623
PIntermedia
LCable Tv
^
D11/26/97
U-32.13
T-32.13
CX
Ncard
PPancho's
LDining
^
D11/28/97
U-13.38
T-13.38
CX
Ncard
PAmoco
LAuto Fuel
^
D11/28/97
U-24.28
T-24.28
CX
Ncard
PApplebee's
LDining
^
D11/28/97
U-5.82
T-5.82
CX
N624
PWalgreens
LMedical
^
D11/29/97
U-5.17
T-5.17
CX
Ncard
PFavorite Market
LFood
^
D11/29/97
U-10.00
T-10.00
CX
Ncard
PUniversity Liqours
LBeer
^
D11/30/97
U-10.00
T-10.00
CX
Ncard
PMapco
LBeer
^
D11/30/97
U-13.80
T-13.80
CX
Ncard
PNew Asia
LDining
^
D11/30/97
U-67.12
T-67.12
CX
Ncard
PNorbert's
LHome Repair
^
D11/30/97
U-16.19
T-16.19
CX
Ncard
PHome Depot
LHome Repair
^
D11/30/97
U-14.16
T-14.16
CX
Ncard
PKroger
LFood
^
D11/30/97
U-9.95
T-9.95
CX
PAOL
LAOL
^
D12/ 1/97
U305.00
T305.00
CX
PDeposit
L1sting Income:County Q
^
D12/ 1/97
U-18.00
T-18.00
CX
Ncard
PApplebee's
LDining
^
D12/ 1/97
U-3.93
T-3.93
CX
Ncard
PKroger
LPet Supplies
^
D12/ 1/97
U-76.25
T-76.25
CX
PTransfer to Savings
MTaxes On Income
L[Suntrust Saving]
^
D12/ 2/97
U-8.65
T-8.65
CX
Ncard
PMapco
LBeer
^
D12/ 2/97
U-5.83
T-5.83
CX
Ncard
PHancock Fabrics
LHome Repair
^
D12/ 3/97
U-10.00
T-10.00
CX
PChecking Service Fee
LBank Chrg
^
D12/ 3/97
U-11.78
T-11.78
CX
Ncard
PWalmart
LHousehold
^
D12/ 4/97
U-12.97
T-12.97
CX
Ncard
PKroger
LFood
^
D12/ 4/97
U-2.06
T-2.06
CX
Ncard
PJavan
LEngineer Exp
^
D12/ 4/97
U-2.27
T-2.27
CX
Ncard
PUSPS
LHousehold
^
D12/ 4/97
U-4.87
T-4.87
CX
N625
PRice Bowl
LDining
^
D12/ 5/97
U80.00
T80.00
CX
PDeposit
L1sting Income:County Q
^
D12/ 5/97
U212.00
T212.00
CX
PDeposit
LEli's Bills
^
D12/ 5/97
U-377.59
T-377.59
CX
N626
PSource One
LMortgage
^
D12/ 6/97
U-47.46
T-47.46
CX
Ncard
PSuper 8
LTravel Expense
^
D12/ 6/97
U-13.38
T-13.38
CX
Ncard
PSpeedway
LAuto Fuel
^
D12/ 6/97
U-22.75
T-22.75
CX
Ncard
PMink's Package Store
LBeer
^
D12/ 6/97
U-20.00
T-20.00
CX
Ncard
PATM Withdrawal
LCash
^
D12/ 7/97
U-2.94
T-2.94
CX
Ncard
PTexaco
LFood
^
D12/ 7/97
U-4.24
T-4.24
CX
Ncard
PTexaco
LFood
^
D12/ 8/97
U-21.64
T-21.64
CX
Ncard
PRadio Shack
LEngineer Exp
^
D12/ 9/97
U-6.68
T-6.68
CX
Ncard
PScholtsky's
LDining
^
D12/10/97
U-12.70
T-12.70
CX
Ncard
PMapco
LAuto Fuel
^
D12/10/97
U-29.83
T-29.83
CX
Ncard
PKroger
LFood
^
D12/10/97
U-20.00
T-20.00
CX
N627
PThe Frist Clinic
LMedical
^
D12/11/97
U300.00
T300.00
CX
PTransfer to Checking
L[Suntrust Saving]
^
D12/11/97
U-23.80
T-23.80
CX
Ncard
PAutoZone
LAuto Repair
^
D12/11/97
U-17.30
T-17.30
CX
Ncard
PAutoZone
LAuto Repair
^
D12/12/97
U-18.50
T-18.50
CX
Ncard
PIguana
LDining
^
D12/12/97
U-10.48
T-10.48
CX
Ncard
PMapco
LBeer
^
D12/12/97
U-20.00
T-20.00
CX
PATM Withdrawal
LCash
^
D12/12/97
U-11.73
T-11.73
CX
N628
PLaHacienda
LDining
^
D12/12/97
U-23.82
T-23.82
CX
N629
PCumberland
^
D12/13/97
U-5.00
T-5.00
CX
Ncard
PMapco
LAuto Fuel
^
D12/14/97
U-7.57
T-7.57
CX
Ncard
PMapco
LBeer
^
D12/15/97
U450.00
T450.00
CX
PDeposit
L1sting Income:County Q
^
D12/15/97
U-135.00
T-135.00
CX
PTransfer to Savings
MTaxes On Income
L[Suntrust Saving]
^
D12/15/97
U-83.00
T-83.00
CX
PMoney Order
LEli's Bills
^
D12/15/97
U-52.63
T-52.63
CX
N630
PBell South
LTelephone
^
D12/15/97
U-20.00
T-20.00
CX
N631
PTennessean
LEli's Bills
^
D12/15/97
U-72.55
T-72.55
CX
N632
PNES
LUtilities
^
D12/15/97
U-100.00
T-100.00
CX
N633
PAdvanta
LCredit Card
^
D12/15/97
U-54.03
T-54.03
CX
N634
PProgressive
LAuto Insurance
^
D12/15/97
U-80.90
T-80.90
CX
N635
PSLSC
LStudent Loans
^
D12/15/97
U-34.04
T-34.04
CX
N636
PMetro Water
LUtilities
^
D12/16/97
U-11.06
T-11.06
CX
Ncard
PHome Depot
LHousehold:Deck
^
D12/16/97
U-26.46
T-26.46
CX
Ncard
PLuxury Linens
LGifts
^
D12/16/97
U-7.52
T-7.52
CX
Ncard
PBurlington Coat factory
LClothing
^
D12/16/97
U-8.62
T-8.62
CX
Ncard
PPetsmart
LPet Supplies
^
D12/16/97
U-11.81
T-11.81
CX
N637
PPizza Hut
LDining
^
D12/17/97
U-11.89
T-11.89
CX
Ncard
PMapco
LBeer
^
D12/17/97
U-5.91
T-5.91
CX
N638
PRice Bowl
LDining
^
D12/18/97
U-6.47
T-6.47
CX
Ncard
PMajor Brew
LDining
^
D12/19/97
U795.00
T795.00
CX
PDeposit
L1sting Income:County Q
^
D12/19/97
U-20.00
T-20.00
CX
PCash
LCash
^
D12/19/97
U-225.00
T-225.00
CX
PTransfer to Savings
MTaxes On Income
L[Suntrust Saving]
^
D12/19/97
U-8.31
T-8.31
CX
Ncard
PCircle K
LBeer
^
D12/20/97
U-65.97
T-65.97
CX
Ncard
POff Fifth
LGifts
^
D12/20/97
U-15.37
T-15.37
CX
Ncard
POld Time Pottery
LGifts
^
D12/20/97
U-20.30
T-20.30
CX
Ncard
PDavis Kidd
LGifts
^
D12/20/97
U-18.54
T-18.54
CX
Ncard
PBennigan's
LDining
^
D12/20/97
U-38.65
T-38.65
CX
Ncard
PBayou Bar and Grill
LDining
^
D12/20/97
U-12.75
T-12.75
CX
Ncard
PYoung Ave Deli
LBeer
^
D12/20/97
U-25.00
T-25.00
CX
POppenheimer
LInvest Exp
^
D12/21/97
U-30.00
T-30.00
CX
Ncard
PHuey's
LDining
^
D12/22/97
U-20.00
T-20.00
CX
Ncard
PTower
LGifts
^
D12/22/97
U-23.74
T-23.74
CX
Ncard
PWalgreens
LGifts
^
D12/22/97
U-133.00
T-133.00
CX
Ncard
PPep Boys
LAuto Repair
^
D12/23/97
U250.00
T250.00
CX
PDeposit
LEli's Bills
^
D12/23/97
U200.00
T200.00
CX
PDeposit
LGift Received
^
D12/23/97
U17.29
T17.29
CX
PLuxury Linens
LReturn Merch
^
D12/23/97
U-37.86
T-37.86
CX
Ncard
PBig Dog
LGifts
^
D12/23/97
U-10.37
T-10.37
CX
Ncard
PMapco
LBeer
^
D12/23/97
U-27.28
T-27.28
CX
Ncard
PJC Penny
LGifts
^
D12/23/97
U-6.95
T-6.95
CX
N639
PUSPS
LHousehold
^
D12/23/97
U-54.13
T-54.13
CX
N640
PIntermedia
LCable Tv
^
D12/23/97
U-48.12
T-48.12
CX
N641
PMetro Water
LUtilities
^
D12/23/97
U-64.05
T-64.05
CX
N642
PProgressive
LAuto Insurance
^
D12/24/97
U310.00
T310.00
CX
PDeposit
L1sting Income:Independent
^
D12/24/97
U-90.00
T-90.00
CX
PTransfer to Savings
MTaxes On Income
L[Suntrust Saving]
^
D12/24/97
U-14.44
T-14.44
CX
Ncard
PChevron
LBeer
^
D12/24/97
U-39.20
T-39.20
CX
Ncard
PEcono Lodge
LTravel Expense
^
D12/24/97
U-17.68
T-17.68
CX
Ncard
PMapco
LAuto Fuel
^
D12/24/97
U-27.05
T-27.05
CX
N643
PSam's Club
LGifts
^
D12/25/97
U-27.87
T-27.87
CX
Ncard
PAmbassador Inn
LTravel Expense
^
D12/26/97
U-28.75
T-28.75
CX
Ncard
PTJ Mulligan's
LBeer
^
D12/26/97
U-8.28
T-8.28
CX
Ncard
PTexaco
LAuto Fuel
^
D12/26/97
U-83.59
T-83.59
CX
N644
PSuntrust
LHome Repair
^
D12/27/97
U-38.50
T-38.50
CX
Ncard
PMarena's
LDining
^
D12/27/97
U-9.73
T-9.73
CX
Ncard
PBuster's
LBeer
^
D12/27/97
U-30.29
T-30.29
CX
Ncard
PCamelot  Music
LCDs
^
D12/27/97
U-10.01
T-10.01
CX
Ncard
PShop Rite
LAuto Fuel
^
D12/28/97
U-67.00
T-67.00
CX
Ncard
PFlying Saucer
LGifts
^
D12/29/97
U-7.57
T-7.57
CX
Ncard
PMapco
LBeer
^
D12/30/97
U240.00
T240.00
CX
PDeposit
L1sting Income:County Q
^
D12/30/97
U-50.00
T-50.00
CX
PTransfer to Savings
MTaxes On Income
L[Suntrust Saving]
^
D12/30/97
U-38.21
T-38.21
CX
Ncard
PCumberland Tire
LAuto Serv
^
D12/30/97
U-23.38
T-23.38
CX
Ncard
PSpeedway
LTravel Expense
^
D12/30/97
U-12.64
T-12.64
CX
Ncard
PTexaco
LTravel Expense
^
D12/30/97
U-9.95
T-9.95
CX
PAOL
LAOL
^
D12/31/97
U-100.00
T-100.00
CX
Ncard
PATM Withdrawal
LCash
^
D12/31/97
U-2.50
T-2.50
CX
PATM Fee
LBastards
^
D12/31/97
U-62.01
T-62.01
CX
Ncard
PPublix
LTravel Expense
^
D12/31/97
U-54.43
T-54.43
CX
Ncard
PWalgreens
LTravel Expense
^
D1/ 1/98
U-17.94
T-17.94
CX
Ncard
PSpeedway
LTravel Expense
^
D1/ 2/98
U-29.43
T-29.43
CX
Ncard
PWinn Dixie
LTravel Expense
^
D1/ 3/98
U-31.08
T-31.08
CX
Ncard
PValu Inn
LTravel Expense
^
D1/ 3/98
U-17.94
T-17.94
CX
Ncard
PBP
LTravel Expense
^
D1/ 3/98
U-12.87
T-12.87
CX
Ncard
PRacetrac
LTravel Expense
^
D1/ 3/98
U-15.85
T-15.85
CX
Ncard
PHavana
LDining
^
D1/ 4/98
U-18.35
T-18.35
CX
Ncard
PNashville Pet
LPet Supplies
^
D1/ 5/98
U170.00
T170.00
CX
PDeposit
L1sting Income:County Q
^
D1/ 5/98
U-6.26
T-6.26
CX
Ncard
PRevco
LEngineer Exp
^
D1/ 5/98
U-22.09
T-22.09
CX
Ncard
PKroger
LFood
^
D1/ 5/98
U-15.67
T-15.67
CX
Ncard
PKroger
LFood
^
D1/ 5/98
U-42.50
T-42.50
CX
PTransfer to Savings
MTaxes On Income
L[Suntrust Saving]
^
D1/ 5/98
U-377.59
T-377.59
CX
N645
PSource One
LMortgage
^
D1/ 6/98
U310.00
T310.00
CX
PDeposit
L1sting Income:Beaird
^
D1/ 6/98
U230.00
T230.00
CX
PDeposit
LEli's Bills
^
D1/ 6/98
U-77.50
T-77.50
CX
PTransfer to Savings
MTaxes On Income
L[Suntrust Saving]
^
D1/ 6/98
U-12.12
T-12.12
CX
Ncard
PMapco
LAuto Fuel
^
D1/ 7/98
U-7.57
T-7.57
CX
Ncard
PMapco
LBeer
^
D1/ 7/98
U-10.00
T-10.00
CX
PChecking Service Fee
LBank Chrg
^
D1/ 9/98
U305.00
T305.00
CX
PDeposit
L1sting Income:County Q
^
D1/ 9/98
U-5.00
T-5.00
CX
Ncard
PScot Market
LAuto Fuel
^
D1/ 9/98
U-76.25
T-76.25
CX
PTransfer to Savings
MTaxes On Income
L[Suntrust Saving]
^
D1/ 9/98
U-5.00
T-5.00
CX
N646
PAmoco
LAuto Fuel
^
D1/ 9/98
U-19.04
T-19.04
CX
N647
PA+ Communications
LBeeper
^
D1/ 9/98
U-79.61
T-79.61
CX
N648
PSuntrust
LHome Repair
^
D1/ 9/98
U-60.00
T-60.00
CX
N649
PAdvanta
LCredit Card
^
D1/ 9/98
U-80.90
T-80.90
CX
N650
PStudent Loan Servicing Center
LStudent Loans
^
D1/10/98
U-10.13
T-10.13
CX
Ncard
PTexaco
LAuto Fuel
^
D1/11/98
U-33.47
T-33.47
CX
Ncard
PCracker Barrel
LDining
^
D1/11/98
U-2.00
T-2.00
CX
PATM Fee
LBastards
^
D1/11/98
U-20.00
T-20.00
CX
Ncard
PATM Withdrawal
LCash
^
D1/12/98
U-6.48
T-6.48
CX
Ncard
PScot Market
LBeer
^
D1/12/98
U-5.83
T-5.83
CX
Ncard
PMapco
LBeer
^
D1/13/98
U-5.93
T-5.93
CX
Ncard
PSchlotsky's
LDining
^
D1/14/98
U-31.36
T-31.36
CX
Ncard
PKroger
LFood
^
D1/15/98
U59.54
T59.54
CX
PAuto Zone
LDeposit Refunds
^
D1/15/98
U235.00
T235.00
CX
PDeposit
L1sting Income:Beaird
^
D1/15/98
U100.00
T100.00
CX
PDeposit
L1sting Income:Jay Vern's
^
D1/15/98
U155.00
T155.00
CX
PDeposit
L1sting Income
^
D1/15/98
U-4.10
T-4.10
CX
Ncard
POffice Max
LEngineer Exp
^
D1/15/98
U-100.50
T-100.50
CX
PTransfer to Savings
MTaxes On Income
L[Suntrust Saving]
^
D1/15/98
U-55.00
T-55.00
CX
PCash
LCash
^
D1/15/98
U-162.80
T-162.80
CX
Ncard
PAuto Zone
LAuto Repair
^
D1/15/98
U-5.83
T-5.83
CX
Ncard
PMapco
LBeer
^
D1/16/98
U-5.83
T-5.83
CX
Ncard
PCitgo
LBeer
^
D1/17/98
U-17.84
T-17.84
CX
Ncard
PHome Depot
LHome Repair:Deck
^
D1/18/98
U-12.96
T-12.96
CX
Ncard
PNashville Pet
LPet Supplies
^
D1/18/98
U-11.44
T-11.44
CX
Ncard
PKroger
LGifts
^
D1/20/98
U150.00
T150.00
CX
PDeposit
LEli's Bills
^
D1/20/98
U-5.83
T-5.83
CX
Ncard
PMapco
LBeer
^
D1/20/98
U-15.30
T-15.30
CX
Ncard
PMapco
LAuto Fuel
^
D1/20/98
U-25.00
T-25.00
CX
POppenheimer
LInvest Exp
^
D1/20/98
U-88.54
T-88.54
CX
N651
PNES
LUtilities
^
D1/20/98
U-55.97
T-55.97
CX
N652
PSCB
LTelephone
^
D1/20/98
U-23.77
T-23.77
CX
N653
PMetro Water
LUtilities
^
D1/21/98
U-4.87
T-4.87
CX
N654
PRice Bowl
LDining
^
D1/22/98
U-5.83
T-5.83
CX
Ncard
PMapco
LBeer
^
D1/22/98
U-12.85
T-12.85
CX
N655
PPapa John's
LDining
^
D1/23/98
U-5.83
T-5.83
CX
Ncard
PMapco
LBeer
^
D1/24/98
U-9.00
T-9.00
CX
Ncard
PThe Gold Rush
LDining
^
D1/24/98
U-6.50
T-6.50
CX
Ncard
PGold Rush
LDining
^
D1/24/98
U-5.00
T-5.00
CX
Ncard
PMapco
LAuto Fuel
^
D1/24/98
U-47.00
T-47.00
CX
Ncard
PSitar
LDining
^
D1/26/98
U520.00
T520.00
CX
PDeposit
L1sting Income:County Q
^
D1/26/98
U-156.00
T-156.00
CX
PTransfer to Savings
MTaxes On Income
L[Suntrust Saving]
^
D1/27/98
U-7.03
T-7.03
CX
N656
PLaHacienda
LDining
^
D1/28/98
U-7.34
T-7.34
CX
Ncard
PFood Lion
LBeer
^
D1/28/98
U-205.91
T-205.91
CX
N657
PAmerican National
LHealth Ins
^
D1/29/98
U-6.40
T-6.40
CX
Ncard
PUSPS
LHousehold
^
D1/29/98
U-17.70
T-17.70
CX
Ncard
PK & T Auto Parts
LAuto Repair
^
D1/29/98
U-7.03
T-7.03
CX
Ncard
PRadio Shack
LGifts
^
D1/29/98
U-17.21
T-17.21
CX
Ncard
PMapco
LAuto Fuel
^
D1/29/98
U-112.56
T-112.56
CX
Ncard
PFirestone
LAuto Serv
^
D1/29/98
U-31.93
T-31.93
CX
Ncard
PNashville Pet Supply
LPet Supplies
^
D1/29/98
U-11.18
T-11.18
CX
Ncard
PKroger
LPet Supplies
^
D1/29/98
U-50.88
T-50.88
CX
N658
PIntermedia
LCable Tv
^
D1/30/98
U675.00
T675.00
CX
PDeposit
L1sting Income:County Q
^
D1/30/98
U-200.00
T-200.00
CX
PTransfer to Savings
MTaxes On Income
L[Suntrust Saving]
^
D1/30/98
U-40.00
T-40.00
CX
PATM Withdrawal
LCash
^
D1/30/98
U-11.84
T-11.84
CX
Ncard
PRocket Food Mart
LAuto Fuel
^
D1/30/98
U-2.00
T-2.00
CX
Ncard
PMapco
LAuto Fuel
^
D1/30/98
U-38.97
T-38.97
CX
Ncard
PPhonoluxe
LCDs
^
D1/31/98
U30.00
T30.00
CX
Ncard
PSnowshoe
LTravel Expense
^
D1/31/98
U-18.50
T-18.50
CX
Ncard
PSnowshoe
LDining
^
D1/31/98
U-4.00
T-4.00
CX
Ncard
PSnowshoe
LTravel Expense
^
D1/31/98
U-16.00
T-16.00
CX
Ncard
PSnowshoe
LTravel Expense
^
D1/31/98
U-47.00
T-47.00
CX
Ncard
PSnowshoe
LTravel Expense
^
D1/31/98
U-30.00
T-30.00
CX
Ncard
PSnowshoe
LTravel Expense
^
D1/31/98
U-37.10
T-37.10
CX
Ncard
PEdelweiss Ski
LTravel Expense
^
D1/31/98
U-9.95
T-9.95
CX
PAOL
LAOL
^
D2/ 1/98
U-7.82
T-7.82
CX
Ncard
PBB's Hilltop Mart
LAuto Fuel
^
D2/ 1/98
U-12.11
T-12.11
CX
Ncard
PRocket Food Mart
LAuto Fuel
^
D2/ 1/98
U-10.40
T-10.40
CX
Ncard
PSpeedway
LAuto Fuel
^
D2/ 1/98
U-53.59
T-53.59
CX
Ncard
PMarlinton Motor Inn
LTravel Expense
^
D2/ 2/98
U-8.65
T-8.65
CX
N659
PBerry Hill Liqour
LBeer
^
D2/ 4/98
U-10.60
T-10.60
CX
Ncard
PGas R Us
LAuto Fuel
^
D2/ 4/98
U-7.97
T-7.97
CX
Ncard
PLongtown BP
LAuto Fuel
^
D2/ 4/98
U-10.00
T-10.00
CX
PChecking Service Fee
LBank Chrg
^
D2/ 5/98
U250.00
T250.00
CX
PDeposit
LEli's Bills
^
D2/ 5/98
U220.00
T220.00
CX
PDeposit
L1sting Income
^
D2/ 5/98
U80.00
T80.00
CX
PDeposit
MMystery Deposit
LMisc
^
D2/ 5/98
U-3.24
T-3.24
CX
Ncard
PMapco
LFood
^
D2/ 6/98
U-14.50
T-14.50
CX
Ncard
PVillager
LBeer
^
D2/ 6/98
U-40.51
T-40.51
CX
Ncard
PKroger
LFood
^
D2/ 7/98
U-11.25
T-11.25
CX
Ncard
PIguana
LBeer
^
D2/ 8/98
U-32.34
T-32.34
CX
Ncard
PShoe Carnival
LClothing
^
D2/ 8/98
U-0.15
T-0.15
CX
PBalance Adjustment
^
D2/ 8/98
U0.00
T0.00
CX
N660
PVOID
^
D2/ 9/98
U-9.60
T-9.60
CX
Ncard
PHome Depot
LHousehold
^
D2/ 9/98
U-5.83
T-5.83
CX
Ncard
PMapco
LBeer
^
D2/ 9/98
U-54.09
T-54.09
CX
N661
PPamela Thompson
LClothing
^
D2/ 9/98
U-9.30
T-9.30
CX
N662
PUS 1.75
LClothing
^
D2/10/98
U-31.36
T-31.36
CX
Ncard
PSanta Fe
LDining
^
D2/10/98
U-11.62
T-11.62
CX
Ncard
PJoy Market
LAuto Fuel
^
D2/10/98
U-5.77
T-5.77
CX
N663
PStation Deli
LDining
^
D2/11/98
U-377.59
T-377.59
CX
N664
PSource One
LMortgage
^
D2/13/98
U545.00
T545.00
CX
PDeposit
L1sting Income:County Q
^
D2/13/98
U80.00
T80.00
CX
PDeposit
MGrey House
L1sting Income:Independent
^
D2/13/98
U68.00
T68.00
CX
PDeposit
MLarry Cordle
L1sting Income:Independent
^
D2/13/98
U-207.90
T-207.90
CX
PTransfer to Savings
MTaxes On Income
L[Suntrust Saving]
^
D2/13/98
U-8.50
T-8.50
CX
Ncard
PAir Concession
LDining
^
D2/14/98
U7.50
T7.50
CX
Ncard
PBuffalo Billiards
LReturns
^
D2/14/98
U-12.25
T-12.25
CX
Ncard
PBuffalo Billiard's
LBeer
^
D2/14/98
U-28.75
T-28.75
CX
Ncard
PBuffalo Billard's
LBeer
^
D2/14/98
U-5.83
T-5.83
CX
Ncard
PMapco
LBeer
^
D2/14/98
U-31.93
T-31.93
CX
Ncard
PNashville Pet Supply
LPet Supplies
^
D2/14/98
U-2.11
T-2.11
CX
N665
PValue Plus
LPet Supplies
^
D2/15/98
U-50.94
T-50.94
CX
Ncard
PSole Mio
LDining
^
D2/15/98
U-4.32
T-4.32
CX
Ncard
PKroger
LGifts
^
D2/16/98
U-24.87
T-24.87
CX
Ncard
PAuto Zone
LAuto Repair
^
D2/16/98
U-5.83
T-5.83
CX
Ncard
PMapco
LBeer
^
D2/16/98
U-3.78
T-3.78
CX
Ncard
PWalker Lumber
LHousehold
^
D2/16/98
U-18.71
T-18.71
CX
Ncard
PKroger
LFood
^
D2/16/98
U-8.00
T-8.00
CX
Ncard
PHearth & Grill
LHousehold
^
D2/16/98
U-1.89
T-1.89
CX
Ncard
PWalker Lumber
LEngineer Exp
^
D2/16/98
U-79.61
T-79.61
CX
N666
PSuntrust
LHome Repair
^
D2/16/98
U-10.00
T-10.00
CX
N667
PA+ Communications
LBeeper
^
D2/16/98
U-60.00
T-60.00
CX
N668
PAdvanta
LCredit Card
^
D2/16/98
U-92.22
T-92.22
CX
N669
PNES
LUtilities
^
D2/16/98
U-69.65
T-69.65
CX
N670
PBell South
LTelephone
^
D2/17/98
U68.00
T68.00
CX
PDeposit
MSalley, Cordle Writer's Album
L1sting Income:Independent
^
D2/17/98
U40.00
T40.00
CX
PDeposit
L1sting Income:Beaird
^
D2/17/98
U426.00
T426.00
CX
PDeposit
LEli's Bills
^
D2/17/98
U-32.40
T-32.40
CX
PTransfer to Savings
MTaxes On Income
L[Suntrust Saving]
^
D2/18/98
U-295.00
T-295.00
CX
N671
PTennessee Dept of Safety
LEli's Bills
^
D2/19/98
U-5.94
T-5.94
CX
Ncard
PBP
LBeer
^
D2/19/98
U-32.42
T-32.42
CX
N673
PMetro Water
LUtilities
^
D2/19/98
U-50.88
T-50.88
CX
N674
PIntermedia
LCable Tv
^
D2/20/98
U725.00
T725.00
CX
PDeposit
L1sting Income:County Q
^
D2/20/98
U-25.00
T-25.00
CX
POppenheimer
LInvest Exp
^
D2/20/98
U-217.50
T-217.50
CX
PTransfer to Savings
MTaxes On Income
L[Suntrust Saving]
^
D2/21/98
U-52.26
T-52.26
CX
Ncard
PKroger
LFood
^
D2/21/98
U-15.62
T-15.62
CX
Ncard
PPetsmart
LPet Supplies
^
D2/21/98
U-51.94
T-51.94
CX
Ncard
PLuxury Linens
LHousehold
^
D2/21/98
U-23.80
T-23.80
CX
Ncard
PKmart
LHousehold
^
D2/23/98
U-19.90
T-19.90
CX
Ncard
PMapco
LAuto Fuel
^
D2/23/98
U-38.82
T-38.82
CX
Ncard
PAuto Zone
LAuto Repair
^
D2/23/98
U-140.66
T-140.66
CX
N675
PStudent Loan Servicing Center
LStudent Loans
^
D2/24/98
U-18.11
T-18.11
CX
Ncard
PLa Hacienda
LDining
^
D2/25/98
U68.00
T68.00
CX
PDeposit
MCordle,Salley writer's album
L1sting Income:Independent
^
D2/25/98
U-100.00
T-100.00
CX
N676
PPamela Thompson
LEli's Bills
^
D2/27/98
U-42.83
T-42.83
CX
Ncard
PSiam
LDining
^
D2/27/98
U-5.83
T-5.83
CX
Ncard
PMapco
LBeer
^
D2/27/98
U-6.00
T-6.00
CX
Ncard
PMapco
LAuto Fuel
^
D2/28/98
U785.00
T785.00
CX
PDeposit
L1sting Income:County Q
^
D2/28/98
U-9.95
T-9.95
CX
PAOL
LAOL
^
D2/28/98
U-4.64
T-4.64
CX
Ncard
PBP
LFood
^
D2/28/98
U-13.00
T-13.00
CX
Ncard
PBoscoe's
LDining
^
D2/28/98
U-235.00
T-235.00
CX
PTransfer to Savings
MTaxes On Income
L[Suntrust Saving]
^
D2/28/98
U-103.00
T-103.00
CX
N677
PPack Rat Storage
LEli's Bills
^
D3/ 1/98
U-7.30
T-7.30
CX
Ncard
PMapco
LAuto Fuel
^
D3/ 2/98
U-52.61
T-52.61
CX
Ncard
PWalmart
LGifts
^
D3/ 2/98
U-21.86
T-21.86
CX
N678
PKroger
LFood
^
D3/ 3/98
U-10.94
T-10.94
CX
Ncard
PMapco
LAuto Fuel
^
D3/ 3/98
U-18.75
T-18.75
CX
Ncard
PWillie Moffit's
LBeer
^
D3/ 4/98
U23.80
T23.80
CX
Ncard
PKmart
LReturn Merch
^
D3/ 4/98
U-10.00
T-10.00
CX
PChecking Service Fee
LBank Chrg
^
D3/ 4/98
U-4.87
T-4.87
CX
N679
PRice Bowl
LDining
^
D3/ 5/98
U-62.00
T-62.00
CX
N680
PMidland Risk
LAuto Insurance
^
D3/ 6/98
U55.00
T55.00
CX
PDeposit
L1sting Income:Jay Vern's
^
D3/ 6/98
U250.00
T250.00
CX
PDeposit
LEli's Bills
^
D3/ 6/98
U420.00
T420.00
CX
PDeposit
L1sting Income:County Q
^
D3/ 6/98
U-126.00
T-126.00
CX
PTransfer to Savings
MTaxes On Income
L[Suntrust Saving]
^
D3/ 6/98
U-10.25
T-10.25
CX
Ncard
PMapco
LBeer
^
D3/ 6/98
U-7.51
T-7.51
CX
Ncard
PKroger
LFood
^
D3/ 6/98
U-377.59
T-377.59
CX
N681
PSource One
LMortgage
^
D3/ 7/98
U-42.84
T-42.84
CX
Ncard
PAmerigo's
LDining
^
D3/ 7/98
U-8.75
T-8.75
CX
Ncard
PAmerigo's
LDining
^
D3/ 8/98
U-10.00
T-10.00
CX
Ncard
PBat Bar
LBeer
^
D3/ 9/98
U-68.24
T-68.24
CX
Ncard
PCrab House
LDining
^
D3/ 9/98
U-19.58
T-19.58
CX
Ncard
PCrab House
LDining
^
D3/10/98
U-11.17
T-11.17
CX
Ncard
PMapco
LAuto Fuel
^
D3/10/98
U-7.34
T-7.34
CX
Ncard
PKroger
LPet Supplies
^
D3/10/98
U-6.25
T-6.25
CX
Ncard
PMajor Brew
LDining
^
D3/10/98
U-10.82
T-10.82
CX
N682
PBerry Hill Liqour
LBeer
^
D3/12/98
U-5.83
T-5.83
CX
Ncard
PMapco
LBeer
^
D3/12/98
U-8.69
T-8.69
CX
Ncard
PKroger
LFood
^
D3/12/98
U-87.25
T-87.25
CX
N683
PNES
LUtilities
^
D3/12/98
U-15.00
T-15.00
CX
N684
PA+ Communications
LBeeper
^
D3/12/98
U-115.33
T-115.33
CX
N685
PStudent Loan Servicing Center
LStudent Loans
^
D3/12/98
U-79.61
T-79.61
CX
N686
PSuntrust
LHome Repair
^
D3/12/98
U-102.80
T-102.80
CX
N687
PSCB
LTelephone
^
D3/13/98
U845.00
T845.00
CX
PDeposit
L1sting Income:County Q
^
D3/13/98
U-253.50
T-253.50
CX
PTransfer to Savings
MTaxes On Income
L[Suntrust Saving]
^
D3/13/98
U-12.80
T-12.80
CX
N688
PUSPS
LHousehold
^
D3/13/98
U-88.96
T-88.96
CX
N689
PAction Nissan
LEli's Bills
^
D3/14/98
U-5.13
T-5.13
CX
Ncard
POffice Depot
LEngineer Exp
^
D3/14/98
U-43.08
T-43.08
CX
Ncard
PBurlington Coat Factory
LClothing
^
D3/15/98
U-6.91
T-6.91
CX
Ncard
PThe Trading Post
LAuto Fuel
^
D3/15/98
U-9.00
T-9.00
CX
Ncard
PCone Oil
LAuto Fuel
^
D3/15/98
U-13.79
T-13.79
CX
Ncard
PPetsmart
LPet Supplies
^
D3/16/98
U287.22
T287.22
CX
PDeposit
LEli's Bills
^
D3/16/98
U6.21
T6.21
CX
Ncard
PHome Depot
LReturn Merch
^
D3/16/98
U5.38
T5.38
CX
Ncard
PHome Depot
LReturn Merch
^
D3/16/98
U-17.13
T-17.13
CX
Ncard
PHome Depot
LHousehold
^
D3/16/98
U-18.22
T-18.22
CX
Ncard
PHome Depot
LHousehold
^
D3/16/98
U-13.73
T-13.73
CX
N690
PBerry Hill Liqour
LBeer
^
D3/17/98
U-7.01
T-7.01
CX
Ncard
PMapco
LBeer
^
D3/17/98
U-11.77
T-11.77
CX
Ncard
PHome Depot
LHousehold
^
D3/17/98
U-5.75
T-5.75
CX
Ncard
PHard Rock
LBeer
^
D3/18/98
U-5.53
T-5.53
CX
Ncard
PHome Depot
LHousehold
^
D3/18/98
U-4.87
T-4.87
CX
N691
PRice Bowl
LDining
^
D3/20/98
U470.00
T470.00
CX
PDeposit
L1sting Income:County Q
^
D3/20/98
U120.00
T120.00
CX
PDeposit
L1sting Income:Independent
^
D3/20/98
U80.00
T80.00
CX
PDeposit
L1sting Income:Independent
^
D3/20/98
U-25.00
T-25.00
CX
POppenheimer
LInvest Exp
^
D3/20/98
U-5.83
T-5.83
CX
Ncard
PMapco
LBeer
^
D3/20/98
U-201.00
T-201.00
CX
PTransfer to Savings
MTaxes On Income
L[Suntrust Saving]
^
D3/21/98
U-5.83
T-5.83
CX
Ncard
PMapco
LBeer
^
D3/22/98
U-100.00
T-100.00
CX
Ncard
PATM Withdrawal
LEli's Bills
^
D3/23/98
U-69.02
T-69.02
CX
Ncard
PKroger
LFood
^
D3/23/98
U-9.07
T-9.07
CX
Ncard
PMapco
LBeer
^
D3/23/98
U-3.18
T-3.18
CX
Ncard
PKroger
LPet Supplies
^
D3/23/98
U-47.36
T-47.36
CX
N692
PIntermedia
LCable Tv
^
D3/23/98
U-10.16
T-10.16
CX
N694
PMidland Risk
LAuto Insurance
^
D3/23/98
U-7.00
T-7.00
CX
N695
PAdvanta
LCredit Card
^
D3/23/98
U-63.10
T-63.10
CX
N696
PAllstate
LEli's Bills
^
D3/24/98
U12.43
T12.43
CX
PHarland Checks
LReturn Merch
^
D3/24/98
U-1.06
T-1.06
CX
Ncard
PKroger
LMedical
^
D3/24/98
U-16.92
T-16.92
CX
Ncard
PKroger
LFood
^
D3/24/98
U-12.43
T-12.43
CX
PHarland Checks
LBank error
^
D3/25/98
U-27.29
T-27.29
CX
Ncard
PKroger
LFood
^
D3/26/98
U-5.83
T-5.83
CX
Ncard
PMapco
LBeer
^
D3/26/98
U-25.39
T-25.39
CX
N693
PMetro Water
LUtilities
^
D3/27/98
U-20.00
T-20.00
CX
Ncard
PATM Withdrawal
LCash
^
D3/28/98
U675.00
T675.00
CX
PDeposit
L1sting Income:County Q
^
D3/28/98
U500.00
T500.00
CX
PDeposit
LEli's Bills
^
D3/28/98
U-7.25
T-7.25
CX
Ncard
P3rd & Lindsley
LEntertain
^
D3/28/98
U-40.00
T-40.00
CX
Ncard
PATM Withdrawal
LEli's Bills
^
D3/28/98
U-18.37
T-18.37
CX
Ncard
PMapco
LAuto Fuel
^
D3/28/98
U-8.05
T-8.05
CX
Ncard
PKroger
LFood
^
D3/28/98
U-32.57
T-32.57
CX
Ncard
PNashville Pets
LPet Supplies
^
D3/28/98
U-12.00
T-12.00
CX
Ncard
PExit Inn
LEntertain
^
D3/28/98
U-202.50
T-202.50
CX
PTransfer to Savings
MTaxes On Income
L[Suntrust Saving]
^
D3/29/98
U-6.96
T-6.96
CX
Ncard
PTrading Post
LAuto Fuel
^
D3/31/98
U-9.95
T-9.95
CX
PAOL
LAOL
^
D3/31/98
U-55.00
T-55.00
CX
Ncard
PCotton's
^
D3/31/98
U-21.64
T-21.64
CX
Ncard
PComp USA
LEngineer Exp
^
D4/ 1/98
U-28.28
T-28.28
CX
Ncard
PBennigan's
LDining
^
D4/ 1/98
U-5.68
T-5.68
CX
Ncard
PTrading Post
LBeer
^
D4/ 1/98
U-6.00
T-6.00
CX
Ncard
PMapco
LAuto Fuel
^
D4/ 2/98
U-17.31
T-17.31
CX
Ncard
PVideo Place
LMovie Rental
^
D4/ 3/98
U135.00
T135.00
CX
PDeposit
L1sting Income:Independent
^
D4/ 3/98
U750.00
T750.00
CX
PDeposit
L1sting Income:County Q
^
D4/ 3/98
U-225.00
T-225.00
CX
PTransfer to Savings
MTaxes On Income
L[Suntrust Saving]
^
D4/ 3/98
U-7.57
T-7.57
CX
Ncard
PGreen Thumb Nursery
LLandscape
^
D4/ 3/98
U-5.83
T-5.83
CX
Ncard
PMapco
LBeer
^
D4/ 3/98
U-7.78
T-7.78
CX
Ncard
PJohnson's Hardware
LHousehold
^
D4/ 3/98
U-11.40
T-11.40
CX
NCard
PCircle K
LAuto Fuel
^
D4/ 4/98
U-80.07
T-80.07
CX
Ncard
PLuxury Linens
LHousehold
^
D4/ 4/98
U-3.24
T-3.24
CX
Ncard
PVideo Place
LMovie Rental
^
D4/ 4/98
U-16.19
T-16.19
CX
Ncard
PPizza Perfect
LDining
^
D4/ 4/98
U-11.80
T-11.80
CX
Ncard
PWolfy's
LEntertain
^
D4/ 5/98
U-5.83
T-5.83
CX
Ncard
PMapco
LBeer
^
D4/ 5/98
U-33.34
T-33.34
CX
Ncard
PHome Depot
MGarden
LLandscape
^
D4/ 5/98
U-41.77
T-41.77
CX
Ncard
PHome Depot
MGarden
LLandscape
^
D4/ 6/98
U364.00
T364.00
CX
PDeposit
LEli's Bills
^
D4/ 6/98
U43.29
T43.29
CX
Ncard
PLuxury Linens
LReturn Merch
^
D4/ 6/98
U-10.00
T-10.00
CX
PChecking Service Fee
LBank Chrg
^
D4/ 6/98
U-773.26
T-773.26
CX
N697
PSuntrust Bankcard
MFinal Payoff!!!
LCredit Card
^
D4/ 6/98
U-377.59
T-377.59
CX
N698
PSource One
LMortgage
^
D4/ 7/98
U-7.93
T-7.93
CX
Ncard
PMapco
LBeer
^
D4/ 7/98
U-11.12
T-11.12
CX
Ncard
PHome Depot
LLandscape
^
D4/ 7/98
U-15.85
T-15.85
CX
Ncard
PHome Depot
LLandscape
^
D4/ 7/98
U-10.00
T-10.00
CX
Ncard
PWaste Management
LHousehold
^
D4/ 7/98
U-11.03
T-11.03
CX
Ncard
PMapco
LAuto Fuel
^
D4/ 8/98
U-12.30
T-12.30
CX
Ncard
PKroger
LFood
^
D4/ 8/98
U-79.61
T-79.61
CX
N699
PSuntrust
LHome Repair
^
D4/ 8/98
U-55.80
T-55.80
CX
N700
PBell South
LTelephone
^
D4/ 8/98
U-46.22
T-46.22
CX
N701
PMidland Insurance
LAuto Insurance
^
D4/ 8/98
U-115.33
T-115.33
CX
N702
PStudent Loan Servicing Center
LStudent Loans
^
D4/ 8/98
U-3,802.00
T-3,802.00
CX
N703
PInternal Revenue Service
LTax Fed
^
D4/ 8/98
U-79.46
T-79.46
CX
N704
PNES
LUtilities
^
D4/ 8/98
U-15.00
T-15.00
CX
N705
PWorld Wildlife Federation
LCharity
^
D4/ 8/98
U-10.00
T-10.00
CX
N706
PNational Wildlife Federation
LCharity
^
D4/ 8/98
U-20.00
T-20.00
CX
N707
PASI
LEli's Bills
^
D4/ 8/98
U-11.81
T-11.81
CX
N708
PDomino's
LDining
^
D4/ 9/98
U3,850.00
T3,850.00
CX
PTransfer to Checking
L[Suntrust Saving]
^
D4/ 9/98
U-6.99
T-6.99
CX
Ncard
PMajor Brew
LDining
^
D4/10/98
U-7.57
T-7.57
CX
Ncard
PMapco
LBeer
^
D4/10/98
U-40.96
T-40.96
CX
Ncard
PMidstate Door Window
LHousehold
^
D4/11/98
U-18.71
T-18.71
CX
Ncard
PMapco
LAuto Fuel
^
D4/12/98
U-8.74
T-8.74
CX
Ncard
PKmart
MGarden
LLandscape
^
D4/12/98
U-12.14
T-12.14
CX
Ncard
PPilot
LAuto Fuel
^
D4/14/98
U-10.81
T-10.81
CX
Ncard
PMapco
LBeer
^
D4/14/98
U-6.14
T-6.14
CX
N709
PMusic Row Deli
LDining
^
D4/15/98
U90.00
T90.00
CX
PDeposit
L1sting Income:County Q
^
D4/15/98
U-5.57
T-5.57
CX
Ncard
PHome Depot
MGarden
LLandscape
^
D4/15/98
U-49.63
T-49.63
CX
Ncard
PBulington Coat
LClothing
^
D4/15/98
U-11.10
T-11.10
CX
Ncard
PLaHacienda
LDining
^
D4/15/98
U-18.29
T-18.29
CX
Ncard
PPrecision Tune
LAuto Serv
^
D4/15/98
U-9.80
T-9.80
CX
N710
PUS 1.75
LEli's Bills
^
D4/16/98
U294.00
T294.00
CX
Ncard
PDeposit
LEli's Bills
^
D4/16/98
U-500.00
T-500.00
CX
N711
PPamela Thompson
MChuck's House Deposit
LEli's Bills
^
D4/17/98
U-11.69
T-11.69
CX
Ncard
PMapco
LAuto Fuel
^
D4/17/98
U-2.70
T-2.70
CX
Ncard
PJohnson's Hardware
LLandscape
^
D4/17/98
U-3.99
T-3.99
CX
Ncard
PKroger
LPet Supplies
^
D4/17/98
U-6.40
T-6.40
CX
N712
PUSPS
LHousehold
^
D4/18/98
U-45.48
T-45.48
CX
Ncard
PFood Lion
LHousehold
^
D4/18/98
U-91.10
T-91.10
CX
Ncard
PDeck The Walls
LGifts
^
D4/18/98
U-6.68
T-6.68
CX
Ncard
PCarlton Card
LGifts
^
D4/18/98
U-90.10
T-90.10
CX
N713
PGroom's Corner
LGifts
^
D4/18/98
U-6.00
T-6.00
CX
N714
PEastland Mall
LGifts
^
D4/19/98
U-39.90
T-39.90
CX
Ncard
PShoney's
LDining
^
D4/19/98
U-112.76
T-112.76
CX
Ncard
PCountry Inn & Suites
LTravel Expense
^
D4/20/98
U625.00
T625.00
CX
PDeposit
L1sting Income:County Q
^
D4/20/98
U90.00
T90.00
CX
PDeposit
L1sting Income:Jay Vern's
^
D4/20/98
U-25.00
T-25.00
CX
POppenheimer
LInvest Exp
^
D4/20/98
U-143.00
T-143.00
CX
PTransfer to Savings
MTaxes On Income
L[Suntrust Saving]
^
D4/21/98
U-40.69
T-40.69
CX
Ncard
PKroger
LFood
^
D4/22/98
U-5.00
T-5.00
CX
Ncard
PCone
LAuto Fuel
^
D4/22/98
U-6.50
T-6.50
CX
Ncard
PPhonoluxe
LCDs
^
D4/22/98
U-32.42
T-32.42
CX
N715
PMetro Water
LUtilities
^
D4/22/98
U-17.00
T-17.00
CX
N716
PA+ Communications
LBeeper
^
D4/22/98
U-205.91
T-205.91
CX
N717
PAmerican National
LHealth Ins
^
D4/23/98
U-10.81
T-10.81
CX
Ncard
PMapco
LBeer
^
D4/24/98
U-63.87
T-63.87
CX
Ncard
PMitchell's Formal Wear
LGifts
^
D4/24/98
U-9.16
T-9.16
CX
Ncard
PFlying J
LAuto Fuel
^
D4/25/98
U630.00
T630.00
CX
PDeposit
L1sting Income:County Q
^
D4/25/98
U150.00
T150.00
CX
PDeposit
L1sting Income:Independent
^
D4/25/98
U-6.47
T-6.47
CX
Ncard
PMidtown Video
LMovie Rental
^
D4/25/98
U-15.69
T-15.69
CX
Ncard
PBayou bar & Grill
LDining
^
D4/25/98
U-11.50
T-11.50
CX
Ncard
PFlying Saucer
LBeer
^
D4/25/98
U-234.00
T-234.00
CX
PTransfer to Savings
MTaxes On Income
L[Suntrust Saving]
^
D4/26/98
U-10.40
T-10.40
CX
Ncard
PFlying J
LAuto Fuel
^
D4/26/98
U-12.31
T-12.31
CX
Ncard
PPump & Save
LAuto Fuel
^
D4/26/98
U-92.33
T-92.33
CX
Ncard
PTarget
LGifts
^
D4/27/98
U-24.00
T-24.00
CX
Ncard
PCybercast
LInternet
^
D4/27/98
U-4.87
T-4.87
CX
N718
PRice Bowl
LDining
^
D4/28/98
U-9.15
T-9.15
CX
Ncard
PHome Depot
LLandscape
^
D4/28/98
U-18.10
T-18.10
CX
Ncard
POrchid
LDining
^
D4/28/98
U-5.52
T-5.52
CX
N719
PContinental Carbonic
LGifts
^
D4/29/98
U-10.80
T-10.80
CX
Ncard
PMapco
LBeer
^
D4/29/98
U-21.64
T-21.64
CX
Ncard
PAdvance Auto Parts
^
D4/30/98
U-9.95
T-9.95
CX
PAOL
LAOL
^
D4/30/98
U-8.08
T-8.08
CX
Ncard
PHome Depot
LLandscape
^
D5/ 1/98
U-10.81
T-10.81
CX
Ncard
PMapco
LBeer
^
D5/ 1/98
U-10.00
T-10.00
CX
PATM Withdrawal
LCash
^
D5/ 2/98
U-10.79
T-10.79
CX
Ncard
PMapco
LBeer
^
D5/ 2/98
U-9.42
T-9.42
CX
Ncard
PJohnson's Hardware
LPet Supplies
^
D5/ 4/98
U60.00
T60.00
CX
PDeposit
MMom's Wedding Gifts
LEli's Bills
^
D5/ 4/98
U142.16
T142.16
CX
PDeposit
LEli's Bills
^
D5/ 4/98
U625.00
T625.00
CX
PDeposit
L1sting Income:County Q
^
D5/ 4/98
U-187.30
T-187.30
CX
PTransfer to Savings
MTaxes On Income
L[Suntrust Saving]
^
D5/ 4/98
U-11.34
T-11.34
CX
Ncard
PRevco
LMedical
^
D5/ 4/98
U-8.65
T-8.65
CX
Ncard
PTarget
LClothing
^
D5/ 4/98
U-13.00
T-13.00
CX
N720
PPapa John's
LDining
^
D5/ 5/98
U-5.00
T-5.00
CX
Ncard
PElysian Inn
LBeer
^
D5/ 7/98
U37.88
T37.88
CX
Ncard
PTarget
LReturn Merch
^
D5/ 7/98
U-3.67
T-3.67
CX
Ncard
PScot's Market
LBeer
^
D5/ 7/98
U-386.00
T-386.00
CX
N721
PSource One
LMortgage
^
D5/ 7/98
U-79.61
T-79.61
CX
N722
PSuntrust
LHome Repair
^
D5/ 7/98
U-8.54
T-8.54
CX
N723
PAmoco
LAuto Fuel
^
D5/ 7/98
U-51.85
T-51.85
CX
N724
PIntermedia
LCable Tv
^
D5/ 7/98
U-46.18
T-46.18
CX
N725
PMidland Insurance
LAuto Insurance
^
D5/ 7/98
U-115.33
T-115.33
CX
N726
PStudent Loan Servicing Center
LStudent Loans
^
D5/ 8/98
U220.00
T220.00
CX
PDeposit
L1sting Income
^
D5/ 9/98
U-21.24
T-21.24
CX
Ncard
PRio Bravo
LDining
^
D5/ 9/98
U-9.06
T-9.06
CX
Ncard
PConoco
LBeer
^
D5/13/98
U-5.00
T-5.00
CX
Ncard
Pmapco
LAuto Fuel
^
D5/13/98
U-85.96
T-85.96
CX
Ncard
PGrand Ole Opry
LEntertain
^
D5/13/98
U-10.28
T-10.28
CX
N727
PDragon Garden
LDining
^
D5/14/98
U-67.08
T-67.08
CX
Ncard
PHome Depot
LHome Repair
^
D5/15/98
U-27.00
T-27.00
CX
Ncard
PBoardwalk Cafe
LDining
^
D5/15/98
U-3.44
T-3.44
CX
Ncard
PWalker Bros
LHousehold
^
D5/15/98
U-10.80
T-10.80
CX
Ncard
PMapco
LBeer
^
D5/17/98
U-14.50
T-14.50
CX
Ncard
PMapco
LAuto Fuel
^
D5/17/98
U-9.44
T-9.44
CX
Ncard
PGreen Thumb
LLandscape
^
D5/17/98
U-7.57
T-7.57
CX
Ncard
PMapco
LBeer
^
D5/17/98
U-8.84
T-8.84
CX
Ncard
PJohnson's Hardware
LHousehold
^
D5/18/98
U820.00
T820.00
CX
PDeposit
L1sting Income:County Q
^
D5/18/98
U80.00
T80.00
CX
PDeposit
LEli's Bills
^
D5/18/98
U100.00
T100.00
CX
PDeposit
LMisc
^
D5/18/98
U-205.00
T-205.00
CX
PTransfer to Savings
MTaxes On Income
L[Suntrust Saving]
^
D5/18/98
U-1.72
T-1.72
CX
Ncard
PMinit Mart
LBeer
^
D5/18/98
U-60.00
T-60.00
CX
N728
PCity Of Germantown
LTraffic Ticket
^
D5/19/98
U-40.82
T-40.82
CX
Ncard
PKroger
LFood
^
D5/19/98
U-7.57
T-7.57
CX
Ncard
PMapco
LBeer
^
D5/20/98
U-25.00
T-25.00
CX
POppenheimer
LInvest Exp
^
D5/22/98
U335.00
T335.00
CX
PDeposit
L1sting Income:County Q
^
D5/22/98
U-67.00
T-67.00
CX
PTransfer to Savings
MTaxes On Income
L[Suntrust Saving]
^
D5/22/98
U-11.01
T-11.01
CX
Ncard
PPublix
LBeer
^
D5/22/98
U-100.00
T-100.00
CX
PATM Withdrawal
LCash
^
D5/22/98
U-10.01
T-10.01
CX
Ncard
PGas R US
LAuto Fuel
^
D5/22/98
U-20.80
T-20.80
CX
Ncard
PKroger
LBeer
^
D5/22/98
U-6.88
T-6.88
CX
Ncard
PMapco
LAuto Fuel
^
D5/22/98
U-32.42
T-32.42
CX
N729
PMetro Water
LUtilities
^
D5/22/98
U-60.78
T-60.78
CX
N730
PNES
LUtilities
^
D5/22/98
U-187.29
T-187.29
CX
N731
PBell South
LTelephone
^
D5/23/98
U-13.00
T-13.00
CX
Ncard
PKwik Stop
LBeer
^
D5/24/98
U-65.00
T-65.00
CX
Ncard
PPescatore
LDining
^
D5/24/98
U-15.89
T-15.89
CX
Ncard
PEckerd
LGifts
^
D5/24/98
U-12.49
T-12.49
CX
Ncard
PSinger Island
LBeer
^
D5/25/98
U-13.75
T-13.75
CX
Ncard
PCone
LAuto Fuel
^
D5/25/98
U-10.23
T-10.23
CX
Ncard
PMayling Chung
LBeer
^
D5/26/98
U-5.00
T-5.00
CX
N732
PRoddy Fischer
LCash
^
D5/27/98
U-4.87
T-4.87
CX
Ncard
PRice Bowl
LDining
^
D5/27/98
U-4.87
T-4.87
CX
N733
PRice Bowl
LDining
^
D5/28/98
U-25.95
T-25.95
CX
Ncard
PKroger
LFood
^
D5/29/98
U465.00
T465.00
CX
PDeposit
L1sting Income:County Q
^
D5/29/98
U345.00
T345.00
CX
PDeposit
LMastering
^
D5/29/98
U-116.25
T-116.25
CX
PTransfer to Savings
MTaxes On Income
L[Suntrust Saving]
^
D5/29/98
U-12.25
T-12.25
CX
Ncard
PBuffalo Billiards
LBeer
^
D5/29/98
U-53.09
T-53.09
CX
Ncard
PGoten
LDining
^
D5/29/98
U-2.70
T-2.70
CX
Ncard
PKroger
LGifts
^
D5/29/98
U-10.82
T-10.82
CX
Ncard
PBerry Hill Liqours
LBeer
^
D5/29/98
U-10.82
T-10.82
CX
N734
PBerry Hill Liqours
LBeer
^
D5/30/98
U-18.37
T-18.37
CX
Ncard
PHome Depot
LHome Repair
^
D5/30/98
U-17.29
T-17.29
CX
Ncard
PHome Depot
LHome Repair
^
D5/31/98
U-14.03
T-14.03
CX
Ncard
PPetsmart
LPet Supplies
^
D5/31/98
U-68.14
T-68.14
CX
Ncard
PTarget
LHousehold
^
D5/31/98
U-11.90
T-11.90
CX
Ncard
POffice Depot
LHousehold
^
D5/31/98
U-9.95
T-9.95
CX
PAOL
LAOL
^
D6/ 1/98
U-7.57
T-7.57
CX
Ncard
PMapco
LBeer
^
D6/ 2/98
U-12.00
T-12.00
CX
Ncard
PMelrose Bowling
LBeer
^
D6/ 2/98
U-10.00
T-10.00
CX
Ncard
PATM Withdrawal
LCash
^
D6/ 2/98
U-46.18
T-46.18
CX
N735
PMidland Insurance
LAuto Insurance
^
D6/ 2/98
U-60.81
T-60.81
CX
N736
PIntermedia
LCable Tv
^
D6/ 2/98
U-115.33
T-115.33
CX
N737
PStudent Loan Servicing Center
LStudent Loans
^
D6/ 2/98
U-386.00
T-386.00
CX
N738
PSource One
LMortgage
^
D6/ 2/98
U-82.72
T-82.72
CX
N739
PSuntrust
LHome Repair
^
D6/ 2/98
U-10.62
T-10.62
CX
N740
PAmoco
LAuto Fuel
^
D6/ 2/98
U-85.00
T-85.00
CX
N741
PTom Endres
LEngineer Exp
^
D6/ 3/98
U-10.00
T-10.00
CX
PChecking Service Fee
LBank Chrg
^
D6/ 4/98
U-129.90
T-129.90
CX
Ncard
PFour Corners Marina
LEntertain
^
D6/ 4/98
U-4.87
T-4.87
CX
N742
PRice Bowl
LDining
^
D6/ 5/98
U500.00
T500.00
CX
PDeposit
LEli's Bills
^
D6/ 5/98
U-12.90
T-12.90
CX
Ncard
PPapa John's
LDining
^
D6/ 5/98
U-12.90
T-12.90
CX
N743
PPapa John's
LDining
^
D6/ 6/98
U-21.64
T-21.64
CX
Ncard
PJumbo Sports
LCamping Supp
^
D6/ 6/98
U-37.32
T-37.32
CX
Ncard
PManuel's
LDining
^
D6/ 6/98
U-40.00
T-40.00
CX
Ncard
P12th and Porter
LDining
^
D6/ 7/98
U-6.48
T-6.48
CX
Ncard
PWalgreens
LLandscape
^
D6/ 7/98
U-10.29
T-10.29
CX
Ncard
PKmart
LLandscape
^
D6/ 8/98
U890.00
T890.00
CX
PDeposit
L1sting Income:County Q
^
D6/ 8/98
U-200.00
T-200.00
CX
PTransfer to Savings
MTaxes On Income
L[Suntrust Saving]
^
D6/ 8/98
U-60.00
T-60.00
CX
Ncard
PATM Withdrawal
LCash
^
D6/10/98
U-27.50
T-27.50
CX
Ncard
PSiam Cafe
LDining
^
D6/10/98
U-10.00
T-10.00
CX
Ncard
PATM Withdrawal
LCash
^
D6/10/98
U-20.00
T-20.00
CX
Ncard
PATM Withdrawal
LCash
^
D6/10/98
U-17.06
T-17.06
CX
Ncard
PKroger
LFood
^
D6/11/98
U-5.83
T-5.83
CX
Ncard
PMapco
LBeer
^
D6/11/98
U-12.37
T-12.37
CX
Ncard
PMarket Street
LBeer
^
D6/11/98
U-10.00
T-10.00
CX
Ncard
PATM Withdrawal
LCash
^
D6/13/98
U-6.15
T-6.15
CX
Ncard
PMapco
LBeer
^
D6/13/98
U-14.97
T-14.97
CX
Ncard
PCone Oil
LAuto Fuel
^
D6/13/98
U-21.47
T-21.47
CX
Ncard
PKroger
LBeer
^
D6/14/98
U-14.08
T-14.08
CX
Ncard
PLaHacienda
LDining
^
D6/14/98
U-370.00
T-370.00
CX
N744
PSuntrust
LCredit Card
^
D6/14/98
U-225.00
T-225.00
CX
N745
PSandy Medd
LAccounting
^
D6/15/98
U330.00
T330.00
CX
Ncard
PDeposit
L1sting Income:County Q
^
D6/15/98
U100.00
T100.00
CX
PDeposit
L1sting Income:Independent
^
D6/15/98
U-13.00
T-13.00
CX
N746
PPapa John's
LDining
^
D6/17/98
U-7.57
T-7.57
CX
Ncard
PMapco
LBeer
^
D6/17/98
U-104.42
T-104.42
CX
Ncard
PHome Depot
LHome Repair:Fence
^
D6/17/98
U-35.72
T-35.72
CX
Ncard
PHome Depot
LHome Repair:Fence
^
D6/18/98
U-13.25
T-13.25
CX
Ncard
PBuffalo Billiards
LBeer
^
D6/19/98
U-24.47
T-24.47
CX
Ncard
PBosco's
LDining
^
D6/20/98
U-25.00
T-25.00
CX
POppenheimer
LInvest Exp
^
D6/20/98
U-18.37
T-18.37
CX
Ncard
PBiLo
LHousehold
^
D6/21/98
U-12.97
T-12.97
CX
Ncard
PTarget
LClothing
^
D6/23/98
U525.00
T525.00
CX
PDeposit
L1sting Income:County Q
^
D6/23/98
U243.00
T243.00
CX
PDeposit
LEli's Bills
^
D6/23/98
U-4.75
T-4.75
CX
Ncard
PMelrose Bowling
LEntertain
^
D6/23/98
U-21.00
T-21.00
CX
Ncard
PMelrose Bowling
LBeer
^
D6/23/98
U-13.56
T-13.56
CX
Ncard
PHome Depot
LHome Repair:Fence
^
D6/23/98
U-8.96
T-8.96
CX
Ncard
PHome Depot
LHome Repair:Fence
^
D6/23/98
U-12.80
T-12.80
CX
Ncard
PUSPS
LHousehold
^
D6/23/98
U-82.57
T-82.57
CX
N747
PBell South
LTelephone
^
D6/23/98
U-42.79
T-42.79
CX
N748
PMetro water
LUtilities
^
D6/23/98
U-59.73
T-59.73
CX
N749
Pintermedia
LCable Tv
^
D6/23/98
U-73.78
T-73.78
CX
N750
PNES
LUtilities
^
D6/24/98
U-3.78
T-3.78
CX
Ncard
PCitgo
LBeer
^
D6/24/98
U-20.00
T-20.00
CX
Ncard
PATM Withdrawal
LCash
^
D6/24/98
U-59.30
T-59.30
CX
Ncard
PHome Depot
LHome Repair:Fence
^
D6/24/98
U-4.87
T-4.87
CX
N751
PRice Bowl
LDining
^
D6/24/98
U-100.00
T-100.00
CX
N752
PMitch Kincaid
LEli's Bills
^
D6/26/98
U530.00
T530.00
CX
PDeposit
L1sting Income:County Q
^
D6/26/98
U-7.57
T-7.57
CX
Ncard
PMapco
LBeer
^
D6/26/98
U-11.45
T-11.45
CX
Ncard
PMapco
LAuto Fuel
^
D6/26/98
U-132.50
T-132.50
CX
PTransfer to Savings
MTaxes On Income
L[Suntrust Saving]
^
D6/27/98
U-6.96
T-6.96
CX
Ncard
PConcession Air
LDining
^
D6/28/98
U-18.86
T-18.86
CX
Ncard
PMapco
LAuto Fuel
^
D6/28/98
U-6.61
T-6.61
CX
Ncard
PShell
LBeer
^
D6/29/98
U-150.00
T-150.00
CX
N753
PPamela Thompson
LEli's Bills
^
D6/30/98
U-9.95
T-9.95
CX
PAOL
LAOL
^
D7/ 1/98
U-7.87
T-7.87
CX
Ncard
PMapco
LBeer
^
D7/ 2/98
U-234.47
T-234.47
CX
Ncard
PWalker Lumber
LHome Repair:Fence
^
D7/ 3/98
U800.00
T800.00
CX
PDeposit
L1sting Income:County Q
^
D7/ 3/98
U-24.10
T-24.10
CX
Ncard
PMapco
LAuto Fuel
^
D7/ 3/98
U-16.42
T-16.42
CX
Ncard
PFlash Market
LBeer
^
D7/ 3/98
U-200.00
T-200.00
CX
PTransfer to Savings
MTaxes On Income
L[Suntrust Saving]
^
D7/ 4/98
U-6.80
T-6.80
CX
Ncard
PWalgreens
LMedical
^
D7/ 4/98
U-18.35
T-18.35
CX
Ncard
PBookstar
MCathy's Bday
LGifts
^
D7/ 7/98
U-27.25
T-27.25
CX
Ncard
PGold Rush
LEntertain
^
D7/ 7/98
U-12.48
T-12.48
CX
Ncard
PMosko's
LMisc
^
D7/ 7/98
U-45.41
T-45.41
CX
NATM
PCD Warehouse
LCDs
^
D7/ 8/98
U-386.00
T-386.00
CX
N754
PSource One
LMortgage
^
D7/ 8/98
U-4.87
T-4.87
CX
N755
PRice BOwl
LDining
^
D7/ 9/98
U-8.65
T-8.65
CX
Ncard
PMapco
LBeer
^
D7/ 9/98
U-4.87
T-4.87
CX
N756
PRice Bowl
LDining
^
D7/10/98
U760.00
T760.00
CX
PDeposit
L1sting Income:County Q
^
D7/10/98
U150.00
T150.00
CX
PDeposit
LEli's Bills
^
D7/10/98
U-30.73
T-30.73
CX
Ncard
PKroger
LFood
^
D7/10/98
U-20.00
T-20.00
CX
Ncard
PATM Withdrawal
LCash
^
D7/10/98
U-190.00
T-190.00
CX
PTransfer to Savings
MTaxes On Income
L[Suntrust Saving]
^
D7/10/98
U-20.00
T-20.00
CX
N757
PFrist Clinic
LMedical
^
D7/10/98
U-115.33
T-115.33
CX
N758
PStudent Loan Servicing Center
LStudent Loans
^
D7/10/98
U-46.18
T-46.18
CX
N759
PMidland Insurance
LAuto Insurance
^
D7/10/98
U-208.03
T-208.03
CX
N760
PAmerican National
LHealth Ins
^
D7/10/98
U-87.54
T-87.54
CX
N761
PNES
LUtilities
^
D7/10/98
U-69.20
T-69.20
CX
N762
PBell South
LTelephone
^
D7/10/98
U0.00
T0.00
CX
N763
PVOID
^
D7/10/98
U-20.00
T-20.00
CX
N764
PMetrocall
LBeeper
^
D7/10/98
U-50.27
T-50.27
CX
N765
PSuntrust
LCredit Card
^
D7/11/98
U-13.50
T-13.50
CX
Ncard
PMapco
LBeer
^
D7/11/98
U-9.52
T-9.52
CX
Ncard
PWalker Lumber
LLandscape:Fence
^
D7/11/98
U-34.77
T-34.77
CX
Ncard
PWalker Lumber
LLandscape:Fence
^
D7/11/98
U-74.70
T-74.70
CX
Ncard
PGorilla Muffler
LAuto Serv
^
D7/12/98
U-11.42
T-11.42
CX
Ncard
PHome Depot
LLandscape:Fence
^
D7/12/98
U-29.91
T-29.91
CX
Ncard
PHome Depot
LLandscape:Fence
^
D7/13/98
U-18.98
T-18.98
CX
Ncard
PApplebee's
LDining
^
D7/13/98
U-20.00
T-20.00
CX
Ncard
PIllinois Dept. Of Health
MBirth Certificate
LTravel Expense
^
D7/13/98
U-36.81
T-36.81
CX
Ncard
PTennessee Glass Company
LHousehold
^
D7/16/98
U-32.46
T-32.46
CX
Ncard
PFriday's
LDining
^
D7/16/98
U-24.00
T-24.00
CX
Ncard
PBroadway Brewhouse
LBeer
^
D7/16/98
U-8.65
T-8.65
CX
Ncard
PMapco
LBeer
^
D7/16/98
U-25.98
T-25.98
CX
Ncard
PPhonoluxe
LCDs
^
D7/16/98
U-11.00
T-11.00
CX
Ncard
PMapco
LAuto Fuel
^
D7/16/98
U-17.99
T-17.99
CX
Ncard
PWalgreens
LMedical
^
D7/17/98
U10.00
T10.00
CX
PDeposit
MMItch Kincaid
LEli's Bills
^
D7/17/98
U90.00
T90.00
CX
PDeposit
MPam 4 mitch
LEli's Bills
^
D7/17/98
U425.00
T425.00
CX
PDeposit
MLinda Ellington
LMastering
^
D7/17/98
U655.00
T655.00
CX
PDeposit
L1sting Income:County Q
^
D7/17/98
U-163.75
T-163.75
CX
PTransfer to Savings
MTaxes On Income
L[Suntrust Saving]
^
D7/17/98
U-20.00
T-20.00
CX
PCash
LCash
^
D7/18/98
U-32.42
T-32.42
CX
Ncard
PBallons By The Bunch
MTippecanoe
LRecreation
^
D7/18/98
U-3.51
T-3.51
CX
Ncard
PKroger
LMedical
^
D7/19/98
U-4.10
T-4.10
CX
Ncard
PMapco
LBeer
^
D7/19/98
U-2.99
T-2.99
CX
Ncard
PLaHacienda
LFood
^
D7/20/98
U36.81
T36.81
CX
Ncard
PTennessee Glass Company
LReturn Merch
^
D7/20/98
U-71.83
T-71.83
CX
Ncard
PWalker Lumber
LLandscape:Fence
^
D7/20/98
U-2.76
T-2.76
CX
Ncard
PWalker Lumber
LLandscape:Fence
^
D7/20/98
U-3.23
T-3.23
CX
Ncard
PPetsmart
LPet Supplies
^
D7/20/98
U-30.29
T-30.29
CX
Ncard
PLuxury Linens
LHousehold
^
D7/20/98
U-14.02
T-14.02
CX
Ncard
PKinko's
MPassport Photos
LTravel Expense
^
D7/20/98
U-25.00
T-25.00
CX
POppenheimer
LInvest Exp
^
D7/20/98
U-10.72
T-10.72
CX
N766
PChina Dragon
LDining
^
D7/20/98
U-60.00
T-60.00
CX
N767
PPassport Services
MPassport
LTravel Expense
^
D7/21/98
U19.47
T19.47
CX
Ncard
PLuxury Linens
LReturn Merch
^
D7/21/98
U-38.95
T-38.95
CX
Ncard
PLuxury Linens
LHousehold
^
D7/21/98
U-11.98
T-11.98
CX
Ncard
PHome Depot
LHousehold
^
D7/22/98
U-5.83
T-5.83
CX
Ncard
PMapco
LBeer
^
D7/23/98
U-15.24
T-15.24
CX
Ncard
PBeer Sellar
LBeer
^
D7/23/98
U-20.00
T-20.00
CX
PATM Withdrawal
LCash
^
D7/23/98
U-10.00
T-10.00
CX
PATM Withdrawal
LCash
^
D7/23/98
U-19.95
T-19.95
CX
Ncard
PBrinkman
MSmoker Part
LHousehold
^
D7/25/98
U0.51
T0.51
CX
PBalance Adjustment
LBad Records
^
D7/25/98
U5.83
T5.83
CX
PBalance Adjustment
LBad Records
^
D7/25/98
U3.27
T3.27
CX
PBalance Adjustment
LBad Records
^
D7/25/98
U-24.88
T-24.88
CX
Ncard
PMedia Play
LCDs
^
D7/25/98
U-4.69
T-4.69
CX
PBalance Adjustment
LBad Records
^
D7/25/98
U-12.98
T-12.98
CX
Ncard
PMapco
LBeer
^
D7/26/98
U-9.81
T-9.81
CX
Ncard
PBiLo
LFood
^
D7/27/98
U-8.25
T-8.25
CX
Ncard
PKroger
LFood
^
D7/27/98
U-12.86
T-12.86
CX
Ncard
PMapco
LAuto Fuel
^
D7/28/98
U-14.59
T-14.59
CX
Ncard
PWalgreens
LHousehold
^
D7/28/98
U-22.50
T-22.50
CX
Ncard
PTabouli's
LDining
^
D7/28/98
U-4.87
T-4.87
CX
N768
PRice Bowl
LDining
^
D7/28/98
U-15.15
T-15.15
CX
N769
PBerry Hill Liqours
LBeer
^
D7/29/98
U-36.21
T-36.21
CX
Ncard
PAuto Zone
LAuto Repair
^
D7/30/98
U-9.92
T-9.92
CX
N770
PLa Hacienda
LDining
^
D7/31/98
U175.00
T175.00
CX
PDeposit
LEli's Bills
^
D7/31/98
U860.00
T860.00
CX
PDeposit
L1sting Income:County Q
^
D7/31/98
U380.00
T380.00
CX
PDeposit
L1sting Income:County Q
^
D7/31/98
U-10.32
T-10.32
CX
PAOL
LAOL
^
D7/31/98
U-11.70
T-11.70
CX
Ncard
PAmoco
LAuto Fuel
^
D7/31/98
U-11.40
T-11.40
CX
Ncard
PMapco
LAuto Fuel
^
D7/31/98
U-30.28
T-30.28
CX
Ncard
PMedia Play
LCDs
^
D7/31/98
U-50.00
T-50.00
CX
Ncard
PATM Withdrawal
LCash
^
D7/31/98
U-310.00
T-310.00
CX
PTransfer to Savings
MTaxes On Income
L[Suntrust Saving]
^
D7/31/98
U-8.65
T-8.65
CX
Ncard
PMapco
LBeer
^
D8/ 1/98
U-19.21
T-19.21
CX
Ncard
PZeller's
LClothing
^
D8/ 1/98
U-3.11
T-3.11
CX
Ncard
PSunoco
LTravel Expense
^
D8/ 1/98
U-13.82
T-13.82
CX
Ncard
PZeller's
LCDs
^
D8/ 1/98
U-6.61
T-6.61
CX
Ncard
PRite Aid
LFood
^
D8/ 2/98
U-63.90
T-63.90
CX
Ncard
PCedar Point
LTravel Expense
^
D8/ 3/98
U-19.00
T-19.00
CX
Ncard
POlympia Sports Bar
LBeer
^
D8/ 3/98
U-20.00
T-20.00
CX
Ncard
PATM Withdrawal
LCash
^
D8/ 3/98
U-12.36
T-12.36
CX
Ncard
PAlve's Marathon
LTravel Expense
^
D8/ 3/98
U-6.35
T-6.35
CX
Ncard
PPilot
LTravel Expense
^
D8/ 3/98
U-9.62
T-9.62
CX
Ncard
PSpeedway
LTravel Expense
^
D8/ 4/98
U-6.47
T-6.47
CX
Ncard
PAdvance Auto Parts
LAuto Repair
^
D8/ 4/98
U-2.00
T-2.00
CX
Ncard
PFood Center Market
LFood
^
D8/ 4/98
U-386.00
T-386.00
CX
N771
PSource One
LMortgage
^
D8/ 4/98
U-46.18
T-46.18
CX
N772
PMidland Insurance
LAuto Insurance
^
D8/ 4/98
U-56.32
T-56.32
CX
N773
PIntermedia
LCable Tv
^
D8/ 4/98
U-38.04
T-38.04
CX
N774
PMetro Water
LUtilities
^
D8/ 4/98
U-67.56
T-67.56
CX
N775
PBell South
LTelephone
^
D8/ 4/98
U-115.33
T-115.33
CX
N776
PStudent Loan Servicing Center
LStudent Loans
^
D8/ 4/98
U-10.35
T-10.35
CX
N777
PAmoco
LAuto Fuel
^
D8/ 5/98
U-3.24
T-3.24
CX
Ncard
PLa Hacienda
LFood
^
D8/ 5/98
U-10.00
T-10.00
CX
NATM
PChecking Service Fee
LBank Chrg
^
D8/ 5/98
U-16.24
T-16.24
CX
N778
PN & S Auto Parts
LAuto Repair
^
D8/ 6/98
U-7.57
T-7.57
CX
Ncard
PMapco
LBeer
^
D8/ 6/98
U-4.87
T-4.87
CX
N779
PRice Bowl
LDining
^
D8/ 7/98
U-5.29
T-5.29
CX
Ncard
LBeer
^
D8/ 7/98
U-33.96
T-33.96
CX
Ncard
PTexana
LDining
^
D8/ 7/98
U-12.00
T-12.00
CX
Ncard
PTexana
LDining
^
D8/ 7/98
U-7.75
T-7.75
CX
Ncard
PBuffalo Billiards
LDining
^
D8/ 7/98
U-11.58
T-11.58
CX
Ncard
PWalker Lumber
LLandscape
^
D8/ 7/98
U-12.09
T-12.09
CX
Ncard
PWalker Lumber
LLandscape
^
D8/ 7/98
U-4.87
T-4.87
CX
N780
PRice Bowl
LDining
^
D8/ 8/98
U-4.10
T-4.10
CX
Ncard
PMapco
LBeer
^
D8/ 9/98
U-18.37
T-18.37
CX
Ncard
PHome Depot
LHome Repair
^
D8/ 9/98
U-16.21
T-16.21
CX
Ncard
PHome Depot
LHome Repair
^
D8/10/98
U-5.41
T-5.41
CX
Ncard
PRevco
LHousehold
^
D8/10/98
U-15.54
T-15.54
CX
Ncard
PMedia Play
LTravel Expense
^
D8/10/98
U-7.20
T-7.20
CX
N781
PNashville Library
LEducation
^
D8/11/98
U-5.83
T-5.83
CX
Ncard
PScot Market
LBeer
^
D8/12/98
U-2.99
T-2.99
CX
Ncard
PLaHacienda
LFood
^
D8/12/98
U-14.02
T-14.02
CX
Ncard
PWalgreens
LHousehold
^
D8/12/98
U-4.63
T-4.63
CX
N782
PValue Plus
LFood
^
D8/14/98
U430.00
T430.00
CX
PDeposit
L1sting Income:County Q
^
D8/14/98
U250.00
T250.00
CX
PDeposit
LEli's Bills
^
D8/14/98
U-107.50
T-107.50
CX
PTransfer to Savings
MTaxes On Income
L[Suntrust Saving]
^
D8/14/98
U-10.26
T-10.26
CX
Ncard
PMapco
LBeer
^
D8/16/98
U-20.00
T-20.00
CX
Ncard
PATM Withdrawal
LCash
^
D8/16/98
U-8.63
T-8.63
CX
Ncard
PVideo Place
LMovie Rental
^
D8/16/98
U-15.65
T-15.65
CX
Ncard
PLa Hacienda
LDining
^
D8/16/98
U-12.87
T-12.87
CX
Ncard
PWalmart
LHousehold
^
D8/17/98
U-16.24
T-16.24
CX
Ncard
PAuto Zone
LAuto Repair
^
D8/17/98
U-60.82
T-60.82
CX
Ncard
PAES
LAuto Serv
^
D8/17/98
U-3.24
T-3.24
CX
Ncard
PThe Video Place
LMovie Rental
^
D8/17/98
U-5.83
T-5.83
CX
Ncard
PMapco
LBeer
^
D8/17/98
U-20.00
T-20.00
CX
N783
PMetrocall
LBeeper
^
D8/17/98
U-98.37
T-98.37
CX
N784
PNES
LUtilities
^
D8/17/98
U-12.90
T-12.90
CX
N785
PPapa John's
LDining
^
D8/17/98
U-29.00
T-29.00
CX
N786
PSource One
LMortgage
^
D8/18/98
U-9.50
T-9.50
CX
Ncard
PMapco
LBeer
^
D8/18/98
U-7.00
T-7.00
CX
Ncard
PMelrose Bowling
LBeer
^
D8/18/98
U-7.03
T-7.03
CX
Ncard
PMapco
LAuto Fuel
^
D8/18/98
U-43.30
T-43.30
CX
N787
PN & S Auto
LAuto Repair
^
D8/19/98
U-63.85
T-63.85
CX
Ncard
PAuto Zone
LAuto Repair
^
D8/19/98
U-5.06
T-5.06
CX
Ncard
PKroger
LFood
^
D8/19/98
U-5.40
T-5.40
CX
N788
PSubway
LDining
^
D8/20/98
U-50.00
T-50.00
CX
POppenheimer
LInvest Exp
^
D8/20/98
U-7.57
T-7.57
CX
Ncard
PMapco
LBeer
^
D8/21/98
U-11.76
T-11.76
CX
Ncard
PMapco
LBeer
^
D8/22/98
U-10.48
T-10.48
CX
Ncard
PMapco
LBeer
^
D8/22/98
U-23.22
T-23.22
CX
Ncard
PKroger
LFood
^
D8/22/98
U-18.77
T-18.77
CX
N789
PHearth and Grill
LHousehold
^
D8/23/98
U-24.40
T-24.40
CX
Ncard
PApplebee's
LDining
^
D8/23/98
U-11.28
T-11.28
CX
Ncard
PMapco
LAuto Fuel
^
D8/25/98
U880.00
T880.00
CX
PDeposit
L1sting Income:County Q
^
D8/25/98
U-220.00
T-220.00
CX
PTransfer to Savings
MTaxes On Income
L[Suntrust Saving]
^
D8/25/98
U-8.30
T-8.30
CX
Ncard
PFlying J
LAuto Fuel
^
D8/25/98
U-16.58
T-16.58
CX
Ncard
PMapco
LAuto Fuel
^
D8/25/98
U-9.48
T-9.48
CX
Ncard
PPetsmart
LPet Supplies
^
D8/25/98
U-43.29
T-43.29
CX
Ncard
PMedia Play
LCDs
^
D8/25/98
U-3.22
T-3.22
CX
Ncard
PHome Depot
LHousehold
^
D8/25/98
U-38.24
T-38.24
CX
Ncard
PKroger
LFood
^
D8/26/98
U480.00
T480.00
CX
PDeposit
MSold P100 Computer
LProperty Sale
^
D8/28/98
U-27.05
T-27.05
CX
Ncard
POffice Depot
MQuicken 98
LEngineer Exp
^
D8/28/98
U-34.64
T-34.64
CX
NATM
PPhonoluxe
LCDs
^
D8/28/98
U-7.56
T-7.56
CX
NATM
PKroger
LFood
^
D8/28/98
U-58.00
T-58.00
CX
N790
PCounty Clerk
LAuto Serv
^
D8/29/98
U-5.83
T-5.83
CX
NATM
PMapco
LBeer
^
D8/29/98
U-6.48
T-6.48
CX
NATM
PMapco
LBeer
^
D8/29/98
U-23.40
T-23.40
CX
NATM
PSiam Cafe
LDining
^
D8/29/98
U-32.46
T-32.46
CX
NATM
PComp USA
LEngineer Exp
^
D8/30/98
U-26.55
T-26.55
CX
NATM
PRuby Tuesday's
LDining
^
D8/30/98
U-6.48
T-6.48
CX
NATM
PMapco
LBeer
^
D8/30/98
U-8.89
T-8.89
CX
NATM
PMapco
LAuto Fuel
^
D8/30/98
U-6.50
T-6.50
CX
NATM
PMapco
LFood
^
D9/ 1/98
U-9.73
T-9.73
CX
NATM
PCitgo
LBeer
^
D9/ 2/98
U137.00
T137.00
CX
NDEP
PDeposit
LMastering
^
D9/ 2/98
U100.00
T100.00
CX
NDEP
PDeposit
L1sting Income:Beaird
^
D9/ 2/98
U315.00
T315.00
CX
NDEP
PDeposit
L1sting Income:County Q
^
D9/ 2/98
U-13.57
T-13.57
CX
NATM
PLaHacienda
LDining
^
D9/ 2/98
U-103.75
T-103.75
CX
NDEP
PTransfer to Savings
MTaxes On Income
L[Suntrust Saving]
^
D9/ 3/98
U-12.00
T-12.00
CX
NATM
PElysian Inn
LBeer
^
D9/ 3/98
U-10.00
T-10.00
CX
PService Charge
LBank Chrg
^
D9/ 3/98
U-115.33
T-115.33
CX
N791
PStudent Loan Servicing Center
LStudent Loans
^
D9/ 3/98
U-31.95
T-31.95
CX
N792
PMetro Water
LUtilities
^
D9/ 3/98
U-46.18
T-46.18
CX
N793
PMidland Insurance
LAuto Insurance
^
D9/ 3/98
U-20.00
T-20.00
CX
N794
PFrist Clinic
LMedical
^
D9/ 3/98
U-55.27
T-55.27
CX
N795
PIntermedia
LCable Tv
^
D9/ 3/98
U-120.60
T-120.60
CX
N796
PBell South
LTelephone
^
D9/ 3/98
U-415.00
T-415.00
CX
N797
PSource One
LMortgage
^
D9/ 3/98
U-4.87
T-4.87
CX
N798
PRice Bowl
LDining
^
D9/ 4/98
U900.00
T900.00
CX
NDEP
PDeposit
L1sting Income:County Q
^
D9/ 4/98
U200.00
T200.00
CX
NDEP
PDeposit
L1sting Income:County Q
^
D9/ 4/98
U-19.97
T-19.97
CX
NATM
PKroger
LFood
^
D9/ 4/98
U-11.00
T-11.00
CX
N799
PSpringwater
LBeer
^
D9/ 5/98
U-40.00
T-40.00
CX
NATM
PCash
LCash
^
D9/ 5/98
U-4.54
T-4.54
CX
NATM
PWalgreens
LHousehold
^
D9/ 5/98
U-6.92
T-6.92
CX
NATM
PAuto Zone
LAuto Repair
^
D9/ 6/98
U-4.74
T-4.74
CX
NATM
PAuto Zone
LAuto Repair
^
D9/ 6/98
U-2.46
T-2.46
CX
NATM
PAuto Zone
LAuto Repair
^
D9/ 6/98
U-26.09
T-26.09
CX
NATM
PHome Depot
LEli's Bills
^
D9/ 6/98
U-17.04
T-17.04
CX
NATM
PJohnson's Hardware
LHousehold
^
D9/ 6/98
U-32.45
T-32.45
CX
NATM
PMedia Play
LCDs
^
D9/ 6/98
U-17.04
T-17.04
CX
NATM
PJohnson's Hardware
LHousehold
^
D9/ 7/98
U-11.45
T-11.45
CX
NATM
PKroger
LFood
^
D9/ 7/98
U-6.29
T-6.29
CX
NATM
PScot Market
LFood
^
D9/ 7/98
U-40.10
T-40.10
CX
NATM
PHome Depot
LEli's Bills
^
D9/ 7/98
U-2.91
T-2.91
CX
NATM
PHome Depot
LEli's Bills
^
D9/ 7/98
U-3.24
T-3.24
CX
NATM
PAuto Zone
LAuto Repair
^
D9/ 7/98
U-27.15
T-27.15
CX
NATM
PHome Depot
LEli's Bills
^
D9/ 8/98
U-98.90
T-98.90
CX
N800
PNES
LUtilities
^
D9/ 8/98
U-1,110.00
T-1,110.00
CX
N801
PSuntrust Bank Card
MNew Computer P-300
LEngineer Exp
^
D9/ 8/98
U-12.80
T-12.80
CX
N802
PUSPS
LHousehold
^
D9/10/98
U-24.32
T-24.32
CX
NATM
PKroger
LGifts
^
D9/10/98
U-10.82
T-10.82
CX
N803
PBerry Hill Liquor
LBeer
^
D9/11/98
U435.00
T435.00
CX
NDEP
PDeposit
L1sting Income:County Q
^
D9/11/98
U-80.00
T-80.00
CX
NDEP
PTransfer to Savings
MTaxes On Income
L[Suntrust Saving]
^
D9/11/98
U-11.55
T-11.55
CX
NATM
PTexaco
LAuto Fuel
^
D9/11/98
U-4.10
T-4.10
CX
NATM
PMapco
LBeer
^
D9/11/98
U-44.88
T-44.88
CX
NATM
PAmerigo's
LDining
^
D9/11/98
U-8.74
T-8.74
CX
NATM
PAuto Zone
LAuto Repair
^
D9/12/98
U-30.00
T-30.00
CX
NATM
PAtlanta Braves
LEntertain
^
D9/12/98
U-80.00
T-80.00
CX
NATM
PCash
LTravel Expense
^
D9/12/98
U-41.74
T-41.74
CX
NATM
PRich's
LGifts
^
D9/13/98
U-46.22
T-46.22
CX
NATM
PO K Cafe
LDining
^
D9/13/98
U-22.50
T-22.50
CX
NATM
PTin Roof
LBeer
^
D9/15/98
U-5.83
T-5.83
CX
NATM
PMapco
LBeer
^
D9/15/98
U-3.03
T-3.03
CX
NATM
PJohnson's Hardware
LHousehold
^
D9/15/98
U-11.42
T-11.42
CX
NATM
PCone Oil
LAuto Fuel
^
D9/15/98
U-12.96
T-12.96
CX
N804
PLittle Caesar's
LDining
^
D9/15/98
U-4.87
T-4.87
CX
N805
PRice Bowl
LDining
^
D9/17/98
U300.00
T300.00
CX
NDEP
PDeposit
LEli's Bills
^
D9/17/98
U-10.14
T-10.14
CX
NATM
PMapco
LBeer
^
D9/17/98
U-5.41
T-5.41
CX
NATM
PSam And Zoe's
LDining
^
D9/18/98
U600.00
T600.00
CX
NDEP
PDeposit
L1sting Income:County Q
^
D9/18/98
U-150.00
T-150.00
CX
NDEP
PTransfer to Savings
MTaxes On Income
L[Suntrust Saving]
^
D9/18/98
U-9.63
T-9.63
CX
NATM
PPizza Perfect
LDining
^
D9/19/98
U-50.00
T-50.00
CX
POppenheimer
LInvest Exp
^
D9/19/98
U-11.80
T-11.80
CX
NATM
PWalmart
LClothing
^
D9/19/98
U-15.22
T-15.22
CX
NATM
PMapco
LBeer
^
D9/19/98
U-2.15
T-2.15
CX
NATM
PAuto Zone
LAuto Repair
^
D9/19/98
U-11.72
T-11.72
CX
NATM
PHome Depot
LHome Repair
^
D9/20/98
U-3.24
T-3.24
CX
NATM
PVideo Place
LMovie Rental
^
D9/20/98
U-10.00
T-10.00
CX
NATM
PCone Oil
LAuto Fuel
^
D9/21/98
U-4.87
T-4.87
CX
N806
PRice Bowl
LDining
^
D9/22/98
U-9.07
T-9.07
CX
NATM
PMapco
LBeer
^
D9/23/98
U-5.83
T-5.83
CX
NATM
PMapco
LBeer
^
D9/23/98
U-22.00
T-22.00
CX
N807
PBelle Meade Exterminators
LHome Repair
^
D9/25/98
U865.00
T865.00
CX
NDEP
PDeposit
L1sting Income:County Q
^
D9/25/98
U18.37
T18.37
CX
NATM
PHome Depot
LHome Repair
^
D9/25/98
U-259.50
T-259.50
CX
NTXFR
PTransfer to Savings
MTaxes On Income
L[Suntrust Saving]
^
D9/25/98
U-6.58
T-6.58
CX
NATM
PScot Market
LBeer
^
D9/25/98
U-16.87
T-16.87
CX
NATM
PThe Flying Saucer
LBeer
^
D9/25/98
U-12.90
T-12.90
CX
N808
PPapa John's
LDining
^
D9/26/98
U18.37
T18.37
CX
NATM
PHome Depot
LHome Repair
^
D9/26/98
U-25.70
T-25.70
CX
NATM
PHome Depot
LHome Repair
^
D9/26/98
U-10.06
T-10.06
CX
NATM
PJohnson's Hardware
LHousehold
^
D9/26/98
U-4.87
T-4.87
CX
N809
PThe Rice Bowl
LDining
^
D9/27/98
U-5.83
T-5.83
CX
NATM
PMapco
LBeer
^
D9/27/98
U-37.78
T-37.78
CX
NATM
PHome Depot
LHome Repair
^
D9/29/98
U-3.24
T-3.24
CX
NATM
PCitgo
LBeer
^
D9/29/98
U-13.64
T-13.64
CX
NATM
PHome Depot
LHome Repair
^
D9/30/98
U-9.71
T-9.71
CX
NATM
PMapco
LBeer
^
D10/ 1/98
U-9.95
T-9.95
CX
NSched
PAOL
LAOL
^
D10/ 1/98
U-66.38
T-66.38
CX
NATM
PHome Depot
LHome Repair
^
D10/ 2/98
U-12.90
T-12.90
CX
N811
PPapa John's
LDining
^
D10/ 3/98
U-12.95
T-12.95
CX
NATM
PMapco
LGifts
^
D10/ 4/98
U1.99
T1.99
CX
PBalance Adjustment
LMisc
^
D10/ 4/98
U-7.93
T-7.93
CX
PBalance Adjustment
LMisc
^
D10/ 4/98
U-149.47
T-149.47
CX
N810
PCumberland Tire
LAuto Serv
^
D10/ 4/98
U-415.00
T-415.00
CX
N812
PSource One
LMortgage
^
D10/ 4/98
U-35.00
T-35.00
CX
N813
PSierra Club
LCharity
^
D10/ 4/98
U-208.03
T-208.03
CX
N814
PAmerican National
LHealth Ins
^
D10/ 4/98
U-75.94
T-75.94
CX
N815
PIntermedia
LCable Tv
^
D10/ 4/98
U-115.33
T-115.33
CX
N816
PStudent Loan Servicing Center
LStudent Loans
^
D10/ 4/98
U-46.18
T-46.18
CX
N817
PMidland Insurance
LAuto Insurance
^
D10/ 4/98
U-77.57
T-77.57
CX
N818
PMetro Water
LUtilities
^
D10/ 4/98
U-93.88
T-93.88
CX
N819
PBell South
LTelephone
^
D10/ 4/98
U-3.31
T-3.31
CX
N820
PMetro Call
LBeeper
^
D10/ 6/98
U595.00
T595.00
CX
NDEP
PDeposit
L1sting Income:County Q
^
D10/ 6/98
U2,200.00
T2,200.00
CX
NTXFR
PTransfer to Checking
L[Suntrust Saving]
^
D10/ 6/98
U-148.75
T-148.75
CX
NTXFR
PTransfer to Savings
MTaxes On Income
L[Suntrust Saving]
^
D10/ 6/98
U-9.40
T-9.40
CX
NATM
PMapco
LBeer
^
D10/ 6/98
U-9.71
T-9.71
CX
N821
PMovie Gallery
LMovie Rental
^
D10/ 6/98
U-10.80
T-10.80
CX
N822
PLaHacienda
LDining
^
D10/ 6/98
U-224.28
T-224.28
CX
N823
PInternal Revenue Service
LTax Fed
^
D10/ 6/98
U-2,000.00
T-2,000.00
CX
N824
PInternal Revenue Service
LTax Fed
^
D10/ 8/98
U-3.89
T-3.89
CX
N825
PSubway
LDining
^
D10/ 9/98
U725.00
T725.00
CX
NDEP
PDeposit
L1sting Income:County Q
^
D10/ 9/98
U-181.25
T-181.25
CX
NTXFR
PTransfer to Savings
MTaxes On Income
L[Suntrust Saving]
^
D10/ 9/98
U-5.00
T-5.00
CX
NATM
PCone Oil
LAuto Fuel
^
D10/ 9/98
U-64.98
T-64.98
CX
NATM
PAntonio's
LDining
^
D10/ 9/98
U-19.50
T-19.50
CX
NATM
PThe Gold Rush
LBeer
^
D10/ 9/98
U-29.07
T-29.07
CX
NATM
PBurlington Coat Factory
LClothing
^
D10/ 9/98
U-13.07
T-13.07
CX
NATM
PMapco
LBeer
^
D10/ 9/98
U-47.95
T-47.95
CX
NATM
PHome Depot
LHome Repair
^
D10/10/98
U-18.25
T-18.25
CX
NATM
PMapco
LGifts
^
D10/11/98
U-3.24
T-3.24
CX
NATM
PVideo Place
LMovie Rental
^
D10/11/98
U-7.22
T-7.22
CX
NATM
PKroger
LGifts
^
D10/13/98
U-9.95
T-9.95
CX
NATM
PAOL
LAOL
^
D10/14/98
U-8.26
T-8.26
CX
NATM
PJohnson's Hardware
LHousehold
^
D10/16/98
U773.75
T773.75
CX
NDEP
PDeposit
L1sting Income:County Q
^
D10/16/98
U-193.44
T-193.44
CX
NTXFR
PTransfer to Savings
MTaxes On Income
L[Suntrust Saving]
^
D10/16/98
U-17.30
T-17.30
CX
NATM
PLuxury Linens
LHousehold
^
D10/16/98
U-17.75
T-17.75
CX
NATM
PThe Gold Rush
LBeer
^
D10/16/98
U-10.81
T-10.81
CX
NATM
PMapco
LBeer
^
D10/16/98
U-20.00
T-20.00
CX
NATM
PCash
LCash
^
D10/16/98
U-5.73
T-5.73
CX
NATM
PCircle K
LBeer
^
D10/16/98
U-107.22
T-107.22
CX
N826
PNES
LUtilities
^
D10/18/98
U-6.83
T-6.83
CX
NATM
PShell
LBeer
^
D10/18/98
U-20.00
T-20.00
CX
NATM
PCash
LTravel Expense
^
D10/18/98
U-5.34
T-5.34
CX
NATM
PKwik Stop
LBeer
^
D10/19/98
U-27.61
T-27.61
CX
NATM
PMerchand's
LDining
^
D10/19/98
U-16.46
T-16.46
CX
NATM
PBeach Nutts
LBeer
^
D10/19/98
U-75.65
T-75.65
CX
NATM
PBusch Gardens
LTravel Expense
^
D10/19/98
U-9.51
T-9.51
CX
NATM
PSpur Food Mart
LBeer
^
D10/20/98
U-50.00
T-50.00
CX
NSched
POppenheimer
LInvest Exp
^
D10/20/98
U-8.19
T-8.19
CX
NATM
PTexaco
LAuto Fuel
^
D10/20/98
U-91.71
T-91.71
CX
NATM
PBudget Rental
LTravel Expense
^
D10/20/98
U-6.94
T-6.94
CX
N827
PPapa John's
LDining
^
D10/21/98
U-7.74
T-7.74
CX
NATM
PBP
LAuto Fuel
^
D10/22/98
U-40.00
T-40.00
CX
NATM
PBurlington Coat Factory
LClothing
^
D10/22/98
U-36.19
T-36.19
CX
NATM
PKroger
LFood
^
D10/22/98
U-12.01
T-12.01
CX
NATM
PSam And Zoe's
LDining
^
D10/22/98
U-22.00
T-22.00
CX
N828
PBelle Meade Exterminators
LHome Repair
^
D10/23/98
U-9.18
T-9.18
CX
NATM
PMapco
LBeer
^
D10/23/98
U-6.27
T-6.27
CX
NATM
PScot Market
LBeer
^
D10/24/98
U-19.47
T-19.47
CX
NATM
PAthletic House
LClothing
^
D10/24/98
U-1.00
T-1.00
CX
NATM
PShell
LFood
^
D10/28/98
U385.00
T385.00
CX
NDEP
PDeposit
L1sting Income:County Q
^
D10/28/98
U120.00
T120.00
CX
NDEP
PDeposit: Encore Follese'
L1sting Income:Other
^
D10/28/98
U150.00
T150.00
CX
NDEP
PDeposit:Mom's Gift For Europe
LGift Received
^
D10/28/98
U100.00
T100.00
CX
NDEP
PDeposit:Chuck's Gift For Europe
LGift Received
^
D10/28/98
U-126.25
T-126.25
CX
NTXFR
PTransfer to Savings
MTaxes On Income
L[Suntrust Saving]
^
D10/28/98
U-27.42
T-27.42
CX
NATM
PJ Barleycorn
LBeer
^
D10/28/98
U-32.46
T-32.46
CX
NATM
PJumbo Sports
LClothing
^
D10/28/98
U-415.00
T-415.00
CX
N829
PSource One
LMortgage
^
D10/28/98
U-115.33
T-115.33
CX
N830
PStudent Loan Servicing Center
LStudent Loans
^
D10/28/98
U-59.81
T-59.81
CX
N831
PMetro Water
LUtilities
^
D10/28/98
U-86.73
T-86.73
CX
N832
PIntermedia
LCable Tv
^
D10/28/98
U-46.18
T-46.18
CX
N833
PMidland Insurance
LAuto Insurance
^
D10/28/98
U-108.02
T-108.02
CX
N834
PBell South
LTelephone
^
D10/30/98
U690.00
T690.00
CX
NDEP
PDeposit
L1sting Income:County Q
^
D10/30/98
U25.00
T25.00
CX
NDEP
PDeposit
L1sting Income
^
D10/30/98
U400.00
T400.00
CX
NDEP
PDeposit
LEli's Bills
^
D10/30/98
U-8.61
T-8.61
CX
NATM
PCumberland Transit
LTravel Expense
^
D10/30/98
U-65.00
T-65.00
CX
NATM
PSeanachie
LDining
^
D10/30/98
U0.00
T0.00
CX
N835
PVoid
^
D10/30/98
U-250.00
T-250.00
CX
N836
PAmex Traveler's Cheques
LTravel Expense
^
D10/31/98
U-3.56
T-3.56
CX
NATM
PMapco
LFood
^
D10/31/98
U-200.00
T-200.00
CX
NATM
PCash
LCash
^
D11/ 1/98
U-9.95
T-9.95
CX
NSched
PAOL
LAOL
^
D11/ 1/98
U-33.87
T-33.87
CX
NATM
PFuddrucker's
LDining
^
D11/ 2/98
U-27.12
T-27.12
CX
NATM
PCash
LCash
^
D11/ 2/98
U-6.16
T-6.16
CX
NATM
PMapco
LFood
^
D11/ 3/98
U-27.19
T-27.19
CX
NATM
PHarmell
^
D11/ 3/98
U-122.69
T-122.69
CX
NATM
PCash
MAmsterdam
LCash
^
D11/ 3/98
U-10.00
T-10.00
CX
NATM
PChecking Service Fee
LBank Chrg
^
D11/ 3/98
U-3.75
T-3.75
CX
NATM
PATM Fee
LBastards
^
D11/ 5/98
U0.00
T0.00
CX
NEFT
^
D11/ 5/98
U-30.23
T-30.23
CX
NATM
PCash
LCash
^
D11/ 5/98
U-9.40
T-9.40
CX
NATM
PPhonecall
^
D11/ 6/98
U-215.85
T-215.85
CX
NATM
PCash
LCash
^
D11/ 9/98
U-18.10
T-18.10
CX
NATM
PCash
LCash
^
D11/10/98
U-33.58
T-33.58
CX
NATM
PCash
LCash
^
D11/10/98
U-19.90
T-19.90
CX
NATM
PEurope ?
^
D11/12/98
U-59.67
T-59.67
CX
NATM
PCash
LCash
^
D11/14/98
U-50.28
T-50.28
CX
NATM
PCash
LCash
^
D11/15/98
U-6.68
T-6.68
CX
NATM
PSouthwest Train
LTravel Expense
^
D11/16/98
U-42.84
T-42.84
CX
NATM
PNashville Pets
LPet Supplies
^
D11/16/98
U-15.12
T-15.12
CX
NATM
PWalgreens
LHousehold
^
D11/16/98
U-38.99
T-38.99
CX
NATM
PKroger
LFood
^
D11/17/98
U-0.42
T-0.42
CX
PBalance Adjustment
LMisc
^
D11/17/98
U-6.16
T-6.16
CX
NATM
PMapco
LFood
^
D11/17/98
U-6.47
T-6.47
CX
NATM
PVideo Place
LMovie Rental
^
D11/17/98
U-100.00
T-100.00
CX
N837
PCitibank
LTravel Expense
^
D11/18/98
U-4.87
T-4.87
CX
N838
PRice Bowl
LDining
^
D11/20/98
U-50.00
T-50.00
CX
NSched
POppenheimer
LInvest Exp
^
D11/20/98
U-9.61
T-9.61
CX
NATM
PMapco
LBeer
^
D11/20/98
U-14.06
T-14.06
CX
NATM
PMedia Play
LCDs
^
D11/21/98
U-41.50
T-41.50
CX
NATM
PCash
LCash
^
D11/23/98
U440.00
T440.00
CX
NDEP
PDeposit
L1sting Income:County Q
^
D11/23/98
U-110.00
T-110.00
CX
NTXFR
PTransfer to Savings
MTaxes On Income
L[Suntrust Saving]
^
D11/23/98
U-34.64
T-34.64
CX
NATM
PPhonoluxe
LCDs
^
D11/23/98
U-7.57
T-7.57
CX
NATM
PMapco
LBeer
^
D11/23/98
U-10.66
T-10.66
CX
NATM
PMapco
LAuto Fuel
^
D11/23/98
U-10.37
T-10.37
CX
N839
PMetro Call
LBeeper
^
D11/23/98
U-126.14
T-126.14
CX
N840
PMetro Water
LUtilities
^
D11/23/98
U-58.42
T-58.42
CX
N841
PIntermedia
LCable Tv
^
D11/23/98
U-54.16
T-54.16
CX
N842
PNES
LUtilities
^
D11/23/98
U-46.18
T-46.18
CX
N843
PMidland Insurance
LAuto Insurance
^
D11/24/98
U-22.00
T-22.00
CX
N844
PBelle Meade Exterminators
LHome Repair
^
D11/27/98
U-4.90
T-4.90
CX
NATM
PPearson
LAuto Fuel
^
D11/27/98
U-6.92
T-6.92
CX
NATM
PMapco
LBeer
^
D11/27/98
U-33.26
T-33.26
CX
NATM
PYoung Street Deli
LEntertain
^
D11/27/98
U-188.00
T-188.00
CX
N845
PMom (SEC Tickets)
LEntertain
^
D11/28/98
U-40.75
T-40.75
CX
NATM
PMemphis Sports Pub
LEntertain
^
D11/29/98
U-12.70
T-12.70
CX
NATM
PTotal
LAuto Fuel
^
D11/30/98
U80.00
T80.00
CX
NDEP
PDeposit
LEli's Bills
^
D11/30/98
U620.00
T620.00
CX
NDEP
PDeposit
L1sting Income:County Q
^
D11/30/98
U-124.00
T-124.00
CX
NTXFR
PTransfer to Savings
MTaxes On Income
L[Suntrust Saving]
^
D11/30/98
U-11.56
T-11.56
CX
NATM
PMapco
LBeer
^
D11/30/98
U-1.03
T-1.03
CX
NATM
PIreland Telephone
LTravel Expense
^
D12/ 1/98
U-10.03
T-10.03
CX
NSched
PAOL
LAOL
^
D12/ 1/98
U-24.44
T-24.44
CX
NATM
PWalgreens
LHousehold
^
D12/ 1/98
U-3.24
T-3.24
CX
NATM
PVideo Place
LMovie Rental
^
D12/ 1/98
U-29.17
T-29.17
CX
NDEP
PNashville Pets
LPet Supplies
^
D12/ 1/98
U-415.00
T-415.00
CX
N846
PSource One
LMortgage
^
D12/ 1/98
U-49.89
T-49.89
CX
N847
PBell South
LTelephone
^
D12/ 2/98
U120.00
T120.00
CX
NDEP
PDeposit
LEli's Bills
^
D12/ 2/98
U130.00
T130.00
CX
NDEP
PDeposit
LEli's Bills
^
D12/ 3/98
U240.00
T240.00
CX
NDEP
PDeposit
L1sting Income:County Q
^
D12/ 3/98
U-10.00
T-10.00
CX
NSched
PChecking Service Fee
LBank Chrg
^
D12/ 3/98
U-12.95
T-12.95
CX
NATM
PKroger
LFood
^
D12/ 3/98
U-10.05
T-10.05
CX
NATM
PMapco
LBeer
^
D12/ 3/98
U-8.75
T-8.75
CX
NATM
PATM Fee
LBastards
^
D12/ 4/98
U265.00
T265.00
CX
NDEP
PDeposit
LEli's Bills
^
D12/ 4/98
U-11.50
T-11.50
CX
NATM
PThe Orchid
LDining
^
D12/ 4/98
U-9.72
T-9.72
CX
NATM
PMichael's
LHousehold
^
D12/ 4/98
U-29.84
T-29.84
CX
NATM
PMichael's
LHousehold
^
D12/ 4/98
U-20.00
T-20.00
CX
NATM
P12th And Porter
LEntertain
^
D12/ 5/98
U-2.46
T-2.46
CX
NATM
PGolden Gallon
LFood
^
D12/ 5/98
U-14.47
T-14.47
CX
NATM
PTarget
LEntertain
^
D12/ 6/98
U-5.00
T-5.00
CX
NATM
PEZ Serv
LAuto Fuel
^
D12/ 6/98
U-23.50
T-23.50
CX
NATM
PFado Isrish Pub
LBeer
^
D12/ 6/98
U-10.47
T-10.47
CX
NATM
PShell
LAuto Fuel
^
D12/ 7/98
U-43.25
T-43.25
CX
NATM
PHearth & Grill Shop
LHousehold
^
D12/ 7/98
U-10.19
T-10.19
CX
NATM
PMapco
LAuto Fuel
^
D12/ 7/98
U-19.92
T-19.92
CX
NATM
PWalgreens
LMedical
^
D12/ 7/98
U-10.80
T-10.80
CX
NATM
PKroger
LFood
^
D12/ 7/98
U-5.93
T-5.93
CX
NATM
PAuto Zone
LAuto Repair
^
D12/ 7/98
U-3.56
T-3.56
CX
NATM
PBlockbuster
LMovie Rental
^
D12/11/98
U-10.59
T-10.59
CX
NATM
PMapco
LBeer
^
D12/11/98
U-7.34
T-7.34
CX
NATM
PMapco
LBeer
^
D12/12/98
U755.00
T755.00
CX
NDEP
PDeposit
L1sting Income:County Q
^
D12/12/98
U-8.50
T-8.50
CX
NATM
P12th And Porter
LEntertain
^
D12/12/98
U-24.25
T-24.25
CX
NATM
PThe Villager
LBeer
^
D12/12/98
U-188.75
T-188.75
CX
NTXFR
PTransfer to Savings
MTaxes On Income
L[Suntrust Saving]
^
D12/12/98
U-89.99
T-89.99
CX
N848
PSt Vincent's
LTravel Expense
^
D12/12/98
U-4.87
T-4.87
CX
N849
PRice Bowl
LDining
^
D12/12/98
U-4.80
T-4.80
CX
N850
PSubway
LDining
^
D12/13/98
U-3.24
T-3.24
CX
NATM
PVideo Place
LMovie Rental
^
D12/13/98
U-125.00
T-125.00
CX
N851
PCitibank
LTravel Expense
^
D12/13/98
U-10.37
T-10.37
CX
N852
PMetro Call
LBeeper
^
D12/13/98
U-52.87
T-52.87
CX
N853
PNES
LUtilities
^
D12/13/98
U-115.33
T-115.33
CX
N854
PStudent Loan Servicing Center
LStudent Loans
^
D12/14/98
U-400.00
T-400.00
CX
N855
PVillage Jewelers
LGifts
^
D12/14/98
U-7.03
T-7.03
CX
N856
PLaHacienda
LDining
^
D12/15/98
U-7.24
T-7.24
CX
NATM
PMapco
LBeer
^
D12/16/98
U-7.57
T-7.57
CX
NATM
PMapco
LBeer
^
D12/17/98
U-3.45
T-3.45
CX
NATM
PMapco
LBeer
^
D12/18/98
U1,030.00
T1,030.00
CX
NATM
PDeposit
L1sting Income:County Q
^
D12/18/98
U-206.00
T-206.00
CX
NTXFR
PTransfer to Savings
MTaxes On Income
L[Suntrust Saving]
^
D12/18/98
U-32.44
T-32.44
CX
NATM
PMedia Play
LCDs
^
D12/18/98
U-15.63
T-15.63
CX
NATM
PUpton's
LClothing
^
D12/18/98
U-20.46
T-20.46
CX
NATM
PPrecision Tune
LAuto Serv
^
D12/18/98
U-12.93
T-12.93
CX
NATM
PWalmart
LClothing
^
D12/18/98
U-6.48
T-6.48
CX
N857
PSubway
LDining
^
D12/19/98
U15.63
T15.63
CX
NATM
PUpton's
LReturn Merch
^
D12/19/98
U-11.84
T-11.84
CX
NATM
PWalmart
LClothing
^
D12/19/98
U-19.20
T-19.20
CX
NATM
PMapco
LBeer
^
D12/19/98
U-27.59
T-27.59
CX
NATM
PUpton's
LClothing
^
D12/20/98
U-50.00
T-50.00
CX
NSched
POppenheimer
LInvest Exp
^
D12/20/98
U-6.48
T-6.48
CX
NATM
PFavorite Market
^
D12/20/98
U-47.13
T-47.13
CX
NATM
PRed Roof Inn
LTravel Expense
^
D12/21/98
U100.00
T100.00
CX
NDEP
PDeposit
LGift Received
^
D12/21/98
U500.00
T500.00
CX
NTXFR
PTransfer to Checking
MEngagement Ring
L[Suntrust Saving]
^
D12/21/98
U-6.05
T-6.05
CX
NATM
PSubway
LDining
^
D12/21/98
U-30.00
T-30.00
CX
N858
PChuck Thompson
LGifts
^
D12/21/98
U-21.65
T-21.65
CX
N859
PHubcap Annie
LGifts
^
D12/21/98
U-568.84
T-568.84
CX
N860
PVillage Jewelers
LGifts
^
D12/22/98
U-25.93
T-25.93
CX
NATM
PPeking Palace
LDining
^
D12/22/98
U-62.79
T-62.79
CX
NATM
PVictoria's Secret
LGifts
^
D12/22/98
U-15.87
T-15.87
CX
NATM
PKroger
LFood
^
D12/22/98
U-6.06
T-6.06
CX
NATM
PTobacco Road
LBeer
^
D12/22/98
U-7.57
T-7.57
CX
NATM
PMapco
LBeer
^
D12/23/98
U-4.32
T-4.32
CX
NATM
PMichael's
LHousehold
^
D12/23/98
U-32.46
T-32.46
CX
NATM
PMedia Play
LCDs
^
D12/23/98
U-21.64
T-21.64
CX
NATM
PComp USA
LEngineer Exp
^
D12/23/98
U-3.00
T-3.00
CX
NATM
PVideo Inc
LMovie Rental
^
D12/23/98
U-21.64
T-21.64
CX
NATM
PBerry Hill Liquor
LBeer
^
D12/24/98
U-4.34
T-4.34
CX
NATM
PMapco
LBeer
^
D12/24/98
U-27.07
T-27.07
CX
NATM
PMapco
LBeer
^
D12/24/98
U-12.98
T-12.98
CX
NATM
PTarget
LGifts
^
D12/26/98
U-5.70
T-5.70
CX
NATM
PCircle K
LBeer
^
D12/26/98
U-17.07
T-17.07
CX
NATM
PRadio Shack
LGifts
^
D12/26/98
U-10.88
T-10.88
CX
NATM
PMegamarket
LFood
^
D12/26/98
U-15.12
T-15.12
CX
NATM
PHome Depot
LHome Repair
^
D12/26/98
U-17.45
T-17.45
CX
NATM
PHuey's
LDining
^
D12/28/98
U-17.06
T-17.06
CX
NATM
PCafe Ole
LDining
^
D12/28/98
U-51.00
T-51.00
CX
NATM
PYoung Street Deli
LEntertain
^
D12/29/98
U-8.53
T-8.53
CX
NATM
PMapco
LBeer
^
D12/29/98
U-23.03
T-23.03
CX
NATM
PValue Plus
LGifts
^
D12/29/98
U-27.00
T-27.00
CX
NATM
PGreyhound Bus
LTravel Expense
^
D12/30/98
U-4.10
T-4.10
CX
NATM
PMapco
LBeer
^
D12/30/98
U-184.01
T-184.01
CX
NATM
PCircuit City
^
D12/30/98
U-15.66
T-15.66
CX
NATM
PKroger
LFood
^
D12/30/98
U-22.00
T-22.00
CX
N861
PBelle Meade Exterminators
LHome Repair
^
D12/31/98
U165.00
T165.00
CX
NDEP
PDeposit
L1sting Income:County Q
^
D12/31/98
U-4.85
T-4.85
CX
NATM
PStuckey's Express
LAuto Fuel
^
D12/31/98
U-6.00
T-6.00
CX
NATM
PMapco
LAuto Fuel
^
D1/ 1/99
U-9.95
T-9.95
CX
NSched
PAOL
LAOL
^
D1/ 1/99
U-15.24
T-15.24
CX
NATM
PMini Mart
LAuto Fuel
^
D1/ 1/99
U-19.00
T-19.00
CX
NATM
POld Absinthe House
LBeer
^
D1/ 1/99
U-12.70
T-12.70
CX
NATM
PSerio's Po Boys
LTravel Expense
^
D1/ 1/99
U-41.40
T-41.40
CX
NATM
PFelix's
LDining
^
D1/ 1/99
U-14.25
T-14.25
CX
NATM
PCan Can
LTravel Expense
^
D1/ 2/99
U-18.73
T-18.73
CX
NATM
PHallmark
LGifts
^
D1/ 2/99
U-20.00
T-20.00
CX
NATM
PCash
MMeridian, MS
LCash
^
D1/ 2/99
U-2.00
T-2.00
CX
NATM
PATM Fee
LBastards
^
D1/ 2/99
U-8.72
T-8.72
CX
NATM
PConoco
LTravel Expense
^
D1/ 2/99
U-5.87
T-5.87
CX
NATM
PBonita Lakes Mall
LGifts
^
D1/ 2/99
U-3.78
T-3.78
CX
NATM
PScot Market
LBeer
^
D1/ 3/99
U-10.00
T-10.00
CX
NSched
PChecking Service Fee
LBank Chrg
^
D1/ 3/99
U-5.75
T-5.75
CX
NATM
PMapco
LBeer
^
D1/ 3/99
U-11.68
T-11.68
CX
NATM
PHome Depot
LHome Repair
^
D1/ 3/99
U-57.20
T-57.20
CX
N862
PKroger
LFood
^
D1/ 5/99
U-1.25
T-1.25
CX
NATM
PATM Fee
LBastards
^
D1/ 5/99
U-6.48
T-6.48
CX
N863
PSubway
LDining
^
D1/ 6/99
U300.00
T300.00
CX
NDEP
PDeposit
MXmas Bonus
L1sting Income:County Q
^
D1/ 6/99
U50.00
T50.00
CX
NTXFR
PTransfer to Checking
L[Suntrust Saving]
^
D1/ 6/99
U-415.00
T-415.00
CX
N864
PSource One
LMortgage
^
D1/ 7/99
U-7.50
T-7.50
CX
N865
PPapa John's
LDining
^
D1/ 8/99
U415.00
T415.00
CX
NDEP
PDeposit
L1sting Income:County Q
^
D1/ 8/99
U-83.00
T-83.00
CX
NTXFR
PTransfer to Savings
MTaxes On Income
L[Suntrust Saving]
^
D1/ 8/99
U-5.93
T-5.93
CX
NATM
PAuto Zone
LAuto Repair
^
D1/ 8/99
U-6.84
T-6.84
CX
NATM
PMapco
LAuto Fuel
^
D1/ 9/99
U-15.40
T-15.40
CX
NATM
PNew Asia Restaraunt
LDining
^
D1/ 9/99
U-24.70
T-24.70
CX
NATM
PKroger
LFood
^
D1/10/99
U-31.77
T-31.77
CX
NATM
PNashville Pets
LPet Supplies
^
D1/10/99
U-3.24
T-3.24
CX
NATM
PVideo Place
LMovie Rental
^
D1/10/99
U-8.42
T-8.42
CX
NATM
PKroger
LFood
^
D1/11/99
U-4.66
T-4.66
CX
NATM
PUSPS
LEngineer Exp
^
D1/11/99
U-9.43
T-9.43
CX
NATM
PKroger
LFood
^
D1/11/99
U-9.73
T-9.73
CX
NATM
PAuto Zone
LAuto Repair
^
D1/11/99
U-58.42
T-58.42
CX
N866
PIntermedia
LCable Tv
^
D1/11/99
U-70.98
T-70.98
CX
N867
PBell South
LTelephone
^
D1/11/99
U-46.18
T-46.18
CX
N868
PMidland Insurance
LAuto Insurance
^
D1/11/99
U-13.98
T-13.98
CX
N869
PAmoco
LAuto Fuel
^
D1/11/99
U-93.63
T-93.63
CX
N870
PNES
LUtilities
^
D1/11/99
U-9.80
T-9.80
CX
N871
PUS 1.75
LHousehold
^
D1/12/99
U21.64
T21.64
CX
NATM
PComp USA
LEngineer Exp
^
D1/12/99
U-9.99
T-9.99
CX
NATM
PK & T Auto Parts
LAuto Repair
^
D1/12/99
U-8.60
T-8.60
CX
NATM
PAuto Zone
LAuto Repair
^
D1/13/99
U30.00
T30.00
CX
NDEP
PDeposit
LReturn Merch
^
D1/13/99
U65.00
T65.00
CX
NDEP
PDeposit
L1sting Income:Beaird
^
D1/13/99
U75.00
T75.00
CX
NDEP
PDeposit
LEli's Bills
^
D1/13/99
U-0.06
T-0.06
CX
PBalance Adjustment
LMisc
^
D1/14/99
U-5.16
T-5.16
CX
NATM
PVideo Inc
LMovie Rental
^
D1/17/99
U-23.50
T-23.50
CX
NATM
P3rd & Lindsley
LEntertain
^
D1/17/99
U-4.21
T-4.21
CX
NATM
PMapco
LAuto Fuel
^
D1/18/99
U-200.00
T-200.00
CX
N872
PCitibank
LCredit Payment
^
D1/19/99
U181.00
T181.00
CX
NDEP
PDeposit
LEli's Bills
^
D1/19/99
U230.00
T230.00
CX
NDEP
PDeposit
L1sting Income:County Q
^
D1/19/99
U-5.05
T-5.05
CX
NATM
PMapco
LAuto Fuel
^
D1/19/99
U-6.16
T-6.16
CX
NATM
PMapco
LBeer
^
D1/19/99
U-7.33
T-7.33
CX
NATM
PVideo Inc
LMovie Rental
^
D1/19/99
U-5.00
T-5.00
CX
N873
PTN Junior Careers
LCharity
^
D1/19/99
U-300.00
T-300.00
CX
N874
PFidelity First
LHome Deposit
^
D1/20/99
U-50.00
T-50.00
CX
NSched
POppenheimer
LInvest Exp
^
D1/21/99
U-20.00
T-20.00
CX
NATM
PATM Withdrawal
LCash
^
D1/21/99
U-12.50
T-12.50
CX
NATM
PJackleg's Speakeasy
LBeer
^
D1/21/99
U-4.32
T-4.32
CX
NATM
PBP
LBeer
^
D1/22/99
U100.00
T100.00
CX
NDEP
PDeposit
LEli's Bills
^
D1/22/99
U627.50
T627.50
CX
NDEP
PDeposit
L1sting Income:County Q
^
D1/22/99
U400.00
T400.00
CX
NTXFR
PTransfer to Checking
L[Suntrust Saving]
^
D1/22/99
U-156.00
T-156.00
CX
NTXFR
PTransfer to Savings
MTaxes On Income
L[Suntrust Saving]
^
D1/22/99
U-21.25
T-21.25
CX
NATM
PWolfy's
LEntertain
^
D1/22/99
U-3.24
T-3.24
CX
NATM
PMapco
LFood
^
D1/22/99
U-31.28
T-31.28
CX
NATM
PSiam Cafe
LDining
^
D1/22/99
U-204.67
T-204.67
CX
N875
PAutomotive Enterprises
LAuto Serv
^
D1/24/99
U-2.15
T-2.15
CX
NATM
PVideo Place
LMovie Rental
^
D1/24/99
U-23.93
T-23.93
CX
NATM
PKroger
LFood
^
D1/24/99
U-66.03
T-66.03
CX
N876
PSuntrust Bank Card
LCredit Card
^
D1/24/99
U-115.33
T-115.33
CX
N877
PStudent Loan Servicing Center
LStudent Loans
^
D1/24/99
U-208.03
T-208.03
CX
N878
PAmerican National
LHealth Ins
^
D1/26/99
U-5.03
T-5.03
CX
NATM
PScot Market
LAuto Fuel
^
D1/27/99
U-24.69
T-24.69
CX
NATM
PKroger
LFood
^
D1/29/99
U500.00
T500.00
CX
NTXFR
PTransfer to Checking
L[Suntrust Saving]
^
D1/29/99
U-14.16
T-14.16
CX
NATM
PKroger
LFood
^
D1/29/99
U-11.56
T-11.56
CX
NATM
PKroger
LFood
^
D1/29/99
U-69.28
T-69.28
CX
N879
PCumberland Tire
LAuto Serv
^
D1/29/99
U-487.13
T-487.13
CX
N880
PN & S Auto Parts
LAuto Serv
^
D1/30/99
U-20.00
T-20.00
CX
NATM
PCash
LCash
^
D1/30/99
U-2.00
T-2.00
CX
NATM
PATM Fee
LBastards
^
D1/31/99
U-13.93
T-13.93
CX
NATM
PMapco
LFood
^
D2/ 1/99
U-9.95
T-9.95
CX
NSched
PAOL
LAOL
^
D2/ 1/99
U-4.87
T-4.87
CX
N881
PRice Bowl
LDining
^
D2/ 2/99
U520.00
T520.00
CX
NDEP
PDeposit
L1sting Income:County Q
^
D2/ 2/99
U-130.00
T-130.00
CX
NTXFR
PTransfer to Savings
MTaxes On Income
L[Suntrust Saving]
^
D2/ 3/99
U-10.00
T-10.00
CX
NSched
PChecking Service Fee
LBank Chrg
^
D2/ 3/99
U-6.48
T-6.48
CX
N882
PSubway
LDining
^
D2/ 4/99
U-6.16
T-6.16
CX
NATM
PMapco
LBeer
^
D2/ 4/99
U-19.00
T-19.00
CX
NATM
PKroger
LFood
^
D2/ 4/99
U-9.06
T-9.06
CX
N883
PAmoco
LAuto Fuel
^
D2/ 5/99
U869.50
T869.50
CX
NDEP
PDeposit
L1sting Income:County Q
^
D2/ 5/99
U-40.00
T-40.00
CX
NATM
PCash
MAmsterdam
LCash
^
D2/ 5/99
U-217.50
T-217.50
CX
NTXFR
PTransfer to Savings
MTaxes On Income
L[Suntrust Saving]
^
D2/ 5/99
U-33.25
T-33.25
CX
NATM
PExit Inn
LEntertain
^
D2/ 5/99
U-10.14
T-10.14
CX
NATM
PKroger
LFood
^
D2/ 5/99
U0.00
T0.00
CX
N884
PVoid
^
D2/ 6/99
U-19.25
T-19.25
CX
NATM
PExit Inn
LEntertain
^
D2/ 6/99
U-2.25
T-2.25
CX
NATM
PGold Rush
LEntertain
^
D2/ 6/99
U-6.16
T-6.16
CX
NATM
PMapco
LBeer
^
D2/ 6/99
U-15.60
T-15.60
CX
NATM
PKroger
LFood
^
D2/ 6/99
U-3.24
T-3.24
CX
NATM
PVideo Place
LMovie Rental
^
D2/ 7/99
U-13.83
T-13.83
CX
NATM
PMapco
LAuto Fuel
^
D2/ 7/99
U-4.31
T-4.31
CX
NATM
PVideo Place
LMovie Rental
^
D2/ 7/99
U-7.52
T-7.52
CX
NATM
PBurlington Coat Factory
LClothing
^
D2/ 7/99
U-55.11
T-55.11
CX
NATM
PKroger
LFood
^
D2/ 7/99
U-10.45
T-10.45
CX
NATM
PAuto Zone
LAuto Repair
^
D2/ 8/99
U-28.74
T-28.74
CX
NATM
PThe Orchid
LDining
^
D2/ 8/99
U-4.31
T-4.31
CX
NATM
PJohnson's Hardware
LHome Repair
^
D2/ 9/99
U-81.13
T-81.13
CX
N885
PBell South
LTelephone
^
D2/ 9/99
U-85.92
T-85.92
CX
N886
PIntermedia
LCable Tv
^
D2/ 9/99
U-115.33
T-115.33
CX
N887
PStudent Loan Servicing Center
LStudent Loans
^
D2/ 9/99
U-30.12
T-30.12
CX
N888
PMetro Call
LBeeper
^
D2/ 9/99
U-86.72
T-86.72
CX
N889
PNES
LUtilities
^
D2/10/99
U80.00
T80.00
CX
NDEP
PDeposit
LEli's Bills
^
D2/10/99
U-6.47
T-6.47
CX
NATM
PVideo Place
LMovie Rental
^
D2/10/99
U-7.96
T-7.96
CX
NATM
PKroger
LFood
^
D2/11/99
U-6.27
T-6.27
CX
NATM
PScot Market
LAuto Fuel
^
D2/11/99
U-8.64
T-8.64
CX
NATM
PValue Plus
LFood
^
D2/11/99
U-150.00
T-150.00
CX
N890
PCitibank
LTravel Expense
^
D2/12/99
U-5.00
T-5.00
CX
NATM
PJackleg's Speakeasy
LBeer
^
D2/12/99
U-20.00
T-20.00
CX
NATM
PCash
MAmsterdam
LCash
^
D2/13/99
U-4.33
T-4.33
CX
NATM
PJumbo Sports
LClothing
^
D2/13/99
U-28.90
T-28.90
CX
NATM
PBlue Ridge Sports
LRecreation
^
D2/13/99
U-13.00
T-13.00
CX
NATM
PJackleg's Speakeasy
LBeer
^
D2/14/99
U-3.24
T-3.24
CX
NATM
PVideo Place
LMovie Rental
^
D2/14/99
U-24.75
T-24.75
CX
NATM
P12th And Porter
LEntertain
^
D2/14/99
U-11.88
T-11.88
CX
NATM
PKroger
LFood
^
D2/15/99
U-10.00
T-10.00
CX
NATM
PATM Withdrawal
LCash
^
D2/15/99
U-9.26
T-9.26
CX
NATM
PRC's
LRecreation
^
D2/15/99
U-6.19
T-6.19
CX
NATM
PMapco
LAuto Fuel
^
D2/17/99
U-10.77
T-10.77
CX
NATM
PBig South Fork
LRecreation
^
D2/17/99
U-7.07
T-7.07
CX
NATM
PBP
LBeer
^
D2/17/99
U-33.55
T-33.55
CX
NATM
PGuido's
LDining
^
D2/17/99
U-5.00
T-5.00
CX
NATM
PMere Bulles
LEntertain
^
D2/18/99
U-4.87
T-4.87
CX
N891
PRice Bowl
LDining
^
D2/19/99
U150.00
T150.00
CX
NDEP
PDeposit
L1sting Income:County Q
^
D2/19/99
U-35.00
T-35.00
CX
NTXFR
PTransfer to Savings
MTaxes On Income
L[Suntrust Saving]
^
D2/19/99
U-11.51
T-11.51
CX
NATM
PApplebee's
LDining
^
D2/19/99
U-9.40
T-9.40
CX
NATM
PMapco
LBeer
^
D2/20/99
U-50.00
T-50.00
CX
NSched
POppenheimer
LInvest Exp
^
D2/20/99
U-8.75
T-8.75
CX
NATM
PThe Villager
LBeer
^
D2/21/99
U-39.19
T-39.19
CX
NATM
PKroger
LFood
^
D2/21/99
U-5.94
T-5.94
CX
N893
PSubway
LDining
^
D2/22/99
U475.00
T475.00
CX
NDEP
PDeposit
L1sting Income:County Q
^
D2/22/99
U-118.75
T-118.75
CX
NTXFR
PTransfer to Savings
MTaxes On Income
L[Suntrust Saving]
^
D2/23/99
U-22.39
T-22.39
CX
NATM
PRoyal Thai
LDining
^
D2/24/99
U-1.50
T-1.50
CX
NATM
PScot Market
LAuto Fuel
^
D2/24/99
U-15.51
T-15.51
CX
NATM
PMapco
LAuto Fuel
^
D2/24/99
U-4.87
T-4.87
CX
N892
PRice Bowl
LDining
^
D2/26/99
U680.00
T680.00
CX
NDEP
PDeposit
L1sting Income:County Q
^
D2/26/99
U-170.00
T-170.00
CX
NTXFR
PTransfer to Savings
MTaxes On Income
L[Suntrust Saving]
^
D2/26/99
U-7.57
T-7.57
CX
NATM
PMapco
LBeer
^
D2/26/99
U-5.94
T-5.94
CX
NATM
PSubway
LDining
^
D2/27/99
U-58.46
T-58.46
CX
NATM
PPhonoluxe
LCDs
^
D2/27/99
U-8.88
T-8.88
CX
NATM
PTobacco Road
LBeer
^
D2/27/99
U-23.14
T-23.14
CX
NATM
PLaHacienda
LDining
^
D2/28/99
U-74.15
T-74.15
CX
NATM
POutback
LDining
^
D3/ 1/99
U-9.95
T-9.95
CX
NSched
PAOL
LAOL
^
D3/ 1/99
U-6.70
T-6.70
CX
N894
PSubway
LDining
^
D3/ 2/99
U-6.48
T-6.48
CX
NATM
PCone Oil
LAuto Fuel
^
D3/ 2/99
U-6.16
T-6.16
CX
NATM
PMapco
LAuto Fuel
^
D3/ 2/99
U-4.87
T-4.87
CX
N895
PRice Bowl
LDining
^
D3/ 3/99
U-10.00
T-10.00
CX
NSched
PChecking Service Fee
LBank Chrg
^
D3/ 4/99
U-12.90
T-12.90
CX
N896
PPapa John's
LDining
^
D3/ 5/99
U955.00
T955.00
CX
NDEP
PDeposit
L1sting Income:County Q
^
D3/ 5/99
U-6.16
T-6.16
CX
NATM
PMapco
LAuto Fuel
^
D3/ 5/99
U-46.88
T-46.88
CX
NATM
PShintomi
LDining
^
D3/ 5/99
U-6.16
T-6.16
CX
NATM
PHillsboro Village Market
LBeer
^
D3/ 5/99
U-238.75
T-238.75
CX
NTXFR
PTransfer to Savings
MTaxes On Income
L[Suntrust Saving]
^
D3/ 5/99
U-17.93
T-17.93
CX
NATM
PPetsmart
LPet Supplies
^
D3/ 6/99
U-65.39
T-65.39
CX
NATM
PKroger
LFood
^
D3/ 6/99
U-5.38
T-5.38
CX
NATM
PVideo Place
LMovie Rental
^
D3/ 7/99
U-7.29
T-7.29
CX
NATM
PHome Depot
LHome Repair
^
D3/ 7/99
U-75.76
T-75.76
CX
N897
PIntermedia
LCable Tv
^
D3/ 7/99
U-12.90
T-12.90
CX
N898
PMetro Water
LUtilities
^
D3/ 7/99
U-76.82
T-76.82
CX
N899
PNES
LUtilities
^
D3/ 7/99
U-75.13
T-75.13
CX
N900
PBell South
LTelephone
^
D3/ 7/99
U-115.33
T-115.33
CX
N901
PStudent Loan Servicing Center
LStudent Loans
^
D3/ 7/99
U-25.00
T-25.00
CX
N902
PThe Nature Conservancy
LCharity
^
D3/ 8/99
U-6.16
T-6.16
CX
NATM
PMapco
LAuto Fuel
^
D3/ 8/99
U-8.12
T-8.12
CX
NATM
PAmoco
LAuto Serv
^
D3/ 8/99
U-6.48
T-6.48
CX
N903
PSubway
LDining
^
D3/ 9/99
U-6.16
T-6.16
CX
NATM
PMapco
LAuto Fuel
^
D3/ 9/99
U-4.87
T-4.87
CX
N904
PRice Bowl
LDining
^
D3/11/99
U-4.87
T-4.87
CX
N905
PRice Bowl
LDining
^
D3/13/99
U-10.93
T-10.93
CX
NATM
PWalgreens
LMedical
^
D3/13/99
U-20.00
T-20.00
CX
N906
PBaptist Centracare
LMedical
^
D3/13/99
U-150.00
T-150.00
CX
N907
PCitibank
LTravel Expense
^
D3/14/99
U-33.74
T-33.74
CX
NATM
PSiam Cafe
LDining
^
D3/15/99
U150.00
T150.00
CX
NDEP
PDeposit
LGift Received
^
D3/15/99
U770.00
T770.00
CX
NDEP
PDeposit
L1sting Income:County Q
^
D3/15/99
U-18.60
T-18.60
CX
NATM
PKroger
LFood
^
D3/15/99
U-8.69
T-8.69
CX
NATM
PWalgreens
LMedical
^
D3/15/99
U-192.50
T-192.50
CX
NTXFR
PTransfer to Savings
MTaxes On Income
L[Suntrust Saving]
^
D3/15/99
U-20.00
T-20.00
CX
N908
PThe Frist Clinic
LMedical
^
D3/16/99
U-4.86
T-4.86
CX
N909
PSubway
LDining
^
D3/18/99
U-14.47
T-14.47
CX
NATM
PMapco
LAuto Fuel
^
D3/19/99
U-10.36
T-10.36
CX
NATM
PKroger
LFood
^
D3/19/99
U-6.47
T-6.47
CX
NATM
PVideo Place
LMovie Rental
^
D3/20/99
U100.00
T100.00
CX
NDEP
PDeposit
LEli's Bills
^
D3/20/99
U760.00
T760.00
CX
NDEP
PDeposit
L1sting Income:County Q
^
D3/20/99
U18.62
T18.62
CX
NDEP
PDeposit
LDeposit Refunds
^
D3/20/99
U-190.00
T-190.00
CX
NTXFR
PTransfer to Savings
MTaxes On Income
L[Suntrust Saving]
^
D3/20/99
U-50.00
T-50.00
CX
NSched
POppenheimer
LInvest Exp
^
D3/20/99
U-33.30
T-33.30
CX
NATM
PCooker
LDining
^
D3/20/99
U-40.00
T-40.00
CX
NATM
PChaffin's Barn
LEntertain
^
D3/20/99
U-14.00
T-14.00
CX
NATM
PChaffin's Barn
LEntertain
^
D3/20/99
U-3.00
T-3.00
CX
NATM
PScot Market
LAuto Fuel
^
D3/22/99
U-8.11
T-8.11
CX
NATM
PNashville Pets
LPet Supplies
^
D3/24/99
U-4.87
T-4.87
CX
N910
PRice Bowl
LDining
^
D3/25/99
U-6.47
T-6.47
CX
NATM
PVideo Place
LMovie Rental
^
D3/25/99
U-13.39
T-13.39
CX
NATM
PKroger
LFood
^
D3/26/99
U-11.17
T-11.17
CX
NATM
PMapco
LBeer
^
D3/27/99
U-24.85
T-24.85
CX
NATM
PGreen Thumb Nursery
LLandscape
^
D3/27/99
U-33.90
T-33.90
CX
NATM
PRuby Tuesday's
LDining
^
D3/27/99
U-6.00
T-6.00
CX
NATM
PBeer Sellar
LBeer
^
D3/27/99
U-6.22
T-6.22
CX
NATM
PMarket Street Brewery
LEntertain
^
D3/28/99
U-6.47
T-6.47
CX
NATM
PVideo Place
LMovie Rental
^
D3/29/99
U-10.06
T-10.06
CX
NATM
PMapco
LBeer
^
D3/29/99
U-6.48
T-6.48
CX
N911
PSubway
LDining
^
D3/30/99
U-6.05
T-6.05
CX
NATM
PMapco
LBeer
^
D3/30/99
U-10.00
T-10.00
CX
NATM
PATM Withdrawal
LCash
^
D3/30/99
U-7.75
T-7.75
CX
NATM
PWildhorse Saloon
LEngineer Exp
^
D3/30/99
U-6.48
T-6.48
CX
NATM
PKroger
LFood
^
D3/30/99
U-58.00
T-58.00
CX
N912
PMeridian Insurance
LAuto Insurance
^
D3/31/99
U765.00
T765.00
CX
NDEP
PDeposit
L1sting Income:County Q
^
D3/31/99
U50.00
T50.00
CX
NDEP
PDeposit: Patrick Damphier
L1sting Income:Other
^
D3/31/99
U-191.25
T-191.25
CX
NTXFR
PTransfer to Savings
MTaxes On Income
L[Suntrust Saving]
^
D3/31/99
U-39.24
T-39.24
CX
NATM
PK & T Auto Parts
LAuto Repair
^
D3/31/99
U-3.76
T-3.76
CX
NATM
PAuto Zone
LAuto Repair
^
D3/31/99
U-5.27
T-5.27
CX
NATM
PWalker Lumber
LAuto Repair
^
D3/31/99
U-92.01
T-92.01
CX
N913
PSmitty's Auto Parts
LAuto Repair
^
D4/ 1/99
U-9.95
T-9.95
CX
NSched
PAOL
LAOL
^
D4/ 1/99
U-4.96
T-4.96
CX
N914
PLaHacienda
LDining
^
D4/ 2/99
U-12.21
T-12.21
CX
NATM
PCircle K
LBeer
^
D4/ 2/99
U-12.90
T-12.90
CX
N915
PPapa John's
LDining
^
D4/ 3/99
U-10.00
T-10.00
CX
NSched
PChecking Service Fee
LBank Chrg
^
D4/ 3/99
U-11.90
T-11.90
CX
NATM
PRobilio's
LGifts
^
D4/ 3/99
U-12.52
T-12.52
CX
NATM
PMapco
LAuto Fuel
^
D4/ 4/99
U-3.00
T-3.00
CX
NATM
PTexaco
LAuto Serv
^
D4/ 4/99
U-9.93
T-9.93
CX
NATM
PTexaco
LAuto Fuel
^
D4/ 4/99
U-7.52
T-7.52
CX
NATM
PStringer Nursery
LLandscape
^
D4/ 4/99
U-64.94
T-64.94
CX
NATM
PBest Buy
LGifts
^
D4/ 5/99
U1,107.50
T1,107.50
CX
NDEP
PDeposit
L1sting Income:County Q
^
D4/ 5/99
U2,492.75
T2,492.75
CX
NTXFR
PTransfer to Checking
L[Suntrust Saving]
^
D4/ 5/99
U-275.00
T-275.00
CX
NTXFR
PTransfer to Savings
MTaxes On Income
L[Suntrust Saving]
^
D4/ 5/99
U-33.98
T-33.98
CX
NATM
PArt Pancake's Rental
LLandscape
^
D4/ 5/99
U-27.22
T-27.22
CX
NATM
PHome Depot
LLandscape
^
D4/ 5/99
U-18.68
T-18.68
CX
NATM
PWalgreens
LMedical
^
D4/ 5/99
U-24.96
T-24.96
CX
NATM
PKroger
LFood
^
D4/ 5/99
U-399.95
T-399.95
CX
N916
PMoulton Allen & Williams
LMortgage
^
D4/ 5/99
U-25.86
T-25.86
CX
N917
PMetro Water
LUtilities
^
D4/ 5/99
U-30.12
T-30.12
CX
N918
PMetro Call
LBeeper
^
D4/ 5/99
U-208.03
T-208.03
CX
N919
PAmerican National
LHealth Ins
^
D4/ 5/99
U-63.05
T-63.05
CX
N920
PBell South
LTelephone
^
D4/ 5/99
U-25.00
T-25.00
CX
N921
PWorld Wildlife Federation
LCharity
^
D4/ 5/99
U-195.75
T-195.75
CX
N922
PSandy Medd
LAccounting
^
D4/ 5/99
U-215.33
T-215.33
CX
N923
PStudent Loan Servicing Center
LStudent Loans
^
D4/ 5/99
U-15.00
T-15.00
CX
N924
PDefenders Of Wildlife
LCharity
^
D4/ 5/99
U-15.00
T-15.00
CX
N925
PThe Sierra Club
LCharity
^
D4/ 5/99
U-2,297.00
T-2,297.00
CX
N926
PInternal Revenue Service
LTax Fed
^
D4/ 8/99
U-7.57
T-7.57
CX
NATM
PMapco
LAuto Fuel
^
D4/ 8/99
U-3.24
T-3.24
CX
NATM
PMapco
LBeer
^
D4/ 8/99
U-2.15
T-2.15
CX
NATM
PCone Oil
LEngineer Exp
^
D4/ 8/99
U-10.11
T-10.11
CX
NATM
PLaHacienda
LDining
^
D4/ 9/99
U-8.58
T-8.58
CX
NATM
PMapco
LAuto Fuel
^
D4/ 9/99
U-18.08
T-18.08
CX
NATM
PLaHacienda
LDining
^
D4/ 9/99
U-20.00
T-20.00
CX
NATM
PCash
LCash
^
D4/ 9/99
U-4.87
T-4.87
CX
NATM
PMosko's
LBeer
^
D4/ 9/99
U-10.60
T-10.60
CX
NATM
PSherlock Holmes Pub
LDining
^
D4/ 9/99
U-15.00
T-15.00
CX
NATM
PCash Withdrawal
LCash
^
D4/10/99
U-7.24
T-7.24
CX
NATM
PMapco
LBeer
^
D4/10/99
U-34.44
T-34.44
CX
NATM
PKoto
LDining
^
D4/10/99
U-5.19
T-5.19
CX
NATM
PCompton's Food Land
LBeer
^
D4/10/99
U-30.00
T-30.00
CX
N927
PSuzanne McClurkan
LEngineer Exp
^
D4/11/99
U-2.00
T-2.00
CX
NATM
PBP
LAuto Serv
^
D4/13/99
U80.00
T80.00
CX
NDEP
PDeposit
L1sting Income:County Q
^
D4/13/99
U50.00
T50.00
CX
NDEP
PDeposit
L1sting Income:Independent
^
D4/13/99
U-8.65
T-8.65
CX
NATM
PBerry Hill Liquor
LBeer
^
D4/13/99
U-10.00
T-10.00
CX
NATM
PCone Oil
LAuto Fuel
^
D4/13/99
U-47.09
T-47.09
CX
NATM
PKroger
LFood
^
D4/14/99
U-11.78
T-11.78
CX
NATM
PMapco
LBeer
^
D4/14/99
U-58.38
T-58.38
CX
NATM
PHome Depot
LLandscape
^
D4/15/99
U-9.18
T-9.18
CX
NATM
PWalgreens
LMedical
^
D4/16/99
U-7.57
T-7.57
CX
NATM
PMapco
LBeer
^
D4/16/99
U-16.11
T-16.11
CX
NATM
PAdvance Auto Parts
LAuto Repair
^
D4/16/99
U-2.20
T-2.20
CX
NATM
PK & T Auto Parts
LAuto Repair
^
D4/16/99
U-61.85
T-61.85
CX
NATM
PK & T Auto Parts
LAuto Repair
^
D4/17/99
U-5.34
T-5.34
CX
N928
PChina Express
LDining
^
D4/18/99
U-12.11
T-12.11
CX
NATM
PJohnson's Hardware
LLandscape
^
D4/18/99
U-22.00
T-22.00
CX
NATM
PThe Villager
LBeer
^
D4/18/99
U-8.64
T-8.64
CX
NATM
PKroger
LBeer
^
D4/19/99
U620.00
T620.00
CX
NDEP
PDeposit
L1sting Income:County Q
^
D4/19/99
U-120.00
T-120.00
CX
NTXFR
PTransfer to Savings
MTaxes On Income
L[Suntrust Saving]
^
D4/19/99
U-54.11
T-54.11
CX
NATM
POffice Depot
LEngineer Exp
^
D4/19/99
U-10.03
T-10.03
CX
N929
PSubway
LDining
^
D4/19/99
U-300.00
T-300.00
CX
N930
PCitibank
LTravel Expense
^
D4/19/99
U-79.17
T-79.17
CX
N931
PNES
LUtilities
^
D4/19/99
U-55.40
T-55.40
CX
N932
PMeridian Insurance
LAuto Insurance
^
D4/19/99
U-8.72
T-8.72
CX
N933
PIntermedia
LCable Tv
^
D4/20/99
U-50.00
T-50.00
CX
NSched
POppenheimer
LInvest Exp
^
D4/20/99
U-13.98
T-13.98
CX
N934
PPapa John's
LDining
^
D4/21/99
U1,447.50
T1,447.50
CX
NDEP
PDeposit:Sonny Burgess
L1sting Income:Independent
^
D4/21/99
U-300.00
T-300.00
CX
NTXFR
PTransfer to Savings
MTaxes On Income
L[Suntrust Saving]
^
D4/21/99
U-28.31
T-28.31
CX
NATM
PArt Pancake's Rental
LLandscape
^
D4/21/99
U-78.49
T-78.49
CX
NATM
PRupp Software
LEngineer Exp
^
D4/21/99
U-135.27
T-135.27
CX
NATM
PFirestone
LAuto Serv
^
D4/22/99
U-10.00
T-10.00
CX
NATM
PWalgreens
LMedical
^
D4/22/99
U-4.10
T-4.10
CX
NATM
PHome Depot
LLandscape
^
D4/22/99
U-3.24
T-3.24
CX
NATM
PVideo Place
LMovie Rental
^
D4/22/99
U-8.64
T-8.64
CX
NATM
PKroger
LBeer
^
D4/22/99
U-9.74
T-9.74
CX
N935
PRice Bowl
LDining
^
D4/23/99
U-8.05
T-8.05
CX
NATM
PValue Plus
LFood
^
D4/23/99
U-180.75
T-180.75
CX
NATM
PFirestone
LAuto Serv
^
D4/24/99
U-7.57
T-7.57
CX
NATM
PMapco
LBeer
^
D4/24/99
U-16.15
T-16.15
CX
NATM
PMapco
LBeer
^
D4/24/99
U-15.21
T-15.21
CX
NATM
PPilot
LAuto Fuel
^
D4/24/99
U-103.71
T-103.71
CX
NATM
PChesapeake Bay
LDining
^
D4/24/99
U-7.57
T-7.57
CX
NATM
PWalgreens
LMedical
^
D4/24/99
U-8.65
T-8.65
CX
NATM
PCharlie Peppers
LDining
^
D4/25/99
U-7.29
T-7.29
CX
NATM
PStephano's
LDining
^
D4/27/99
U-8.85
T-8.85
CX
NATM
PMapco
LBeer
^
D4/28/99
U-7.42
T-7.42
CX
NATM
PHermitage Lawn & Garden
LLandscape
^
D4/29/99
U-4.63
T-4.63
CX
NATM
PLaHacienda
LDining
^
D4/29/99
U-48.74
T-48.74
CX
NATM
PKroger
LFood
^
D4/30/99
U690.00
T690.00
CX
NDEP
PDeposit
L1sting Income:County Q
^
D4/30/99
U-6.53
T-6.53
CX
NATM
PMapco
LBeer
^
D4/30/99
U-54.53
T-54.53
CX
NATM
PK & T Auto Parts
LAuto Repair
^
D4/30/99
U-4.73
T-4.73
CX
NATM
PK & T Auto Parts
LAuto Repair
^
D4/30/99
U-4.30
T-4.30
CX
NATM
PK & T Auto Parts
LAuto Repair
^
D4/30/99
U-172.50
T-172.50
CX
NTXFR
PTransfer to Savings
MTaxes On Income
L[Suntrust Saving]
^
D4/30/99
U-16.96
T-16.96
CX
NATM
PKroger
LBeer
^
D5/ 1/99
U235.00
T235.00
CX
NATM
PDeposit
L1sting Income:County Q
^
D5/ 1/99
U400.00
T400.00
CX
NDEP
PDeposit
LEli's Bills
^
D5/ 1/99
U-9.95
T-9.95
CX
NSched
PAOL
LAOL
^
D5/ 1/99
U-13.29
T-13.29
CX
NATM
PRadio Shack
LEngineer Exp
^
D5/ 1/99
U-13.32
T-13.32
CX
NATM
PJoy Market
LAuto Fuel
^
D5/ 2/99
U-15.75
T-15.75
CX
NATM
PChina Town
LDining
^
D5/ 2/99
U-7.57
T-7.57
CX
NATM
PMapco
LBeer
^
D5/ 3/99
U-10.00
T-10.00
CX
NSched
PChecking Service Fee
LBank Chrg
^
D5/ 3/99
U-32.46
T-32.46
CX
NATM
PLuxury Linens
LHousehold
^
D5/ 3/99
U-38.15
T-38.15
CX
NATM
PDolphin Inn
LTravel Expense
^
D5/ 3/99
U-17.94
T-17.94
CX
NATM
PCone Oil
LAuto Fuel
^
D5/ 3/99
U-45.01
T-45.01
CX
NATM
POld Bay Steamer
LDining
^
D5/ 3/99
U-20.00
T-20.00
CX
NATM
PMcGuires
LDining
^
D5/ 3/99
U-44.68
T-44.68
CX
NATM
PKroger
LFood
^
D5/ 4/99
U-38.15
T-38.15
CX
NATM
PDolphin Inn
LTravel Expense
^
D5/ 4/99
U-6.21
T-6.21
CX
NATM
PShell
LAuto Fuel
^
D5/ 4/99
U-4.91
T-4.91
CX
NATM
PKmart
LTravel Expense
^
D5/ 4/99
U-19.17
T-19.17
CX
NATM
PBoathouse
LDining
^
D5/ 4/99
U-13.38
T-13.38
CX
NATM
PAficionado's
LTravel Expense
^
D5/ 4/99
U-399.95
T-399.95
CX
N936
PMoulton Allen & Williams
LMortgage
^
D5/ 4/99
U-9.74
T-9.74
CX
N937
PRice Bowl
LDining
^
D5/ 7/99
U-7.55
T-7.55
CX
NATM
PMidtown Market
LFood
^
D5/ 8/99
U-9.70
T-9.70
CX
NATM
PHome Depot
LHome Repair
^
D5/ 8/99
U-36.26
T-36.26
CX
NATM
PHuey's
LDining
^
D5/ 8/99
U-29.34
T-29.34
CX
NATM
PTarget
LClothing
^
D5/ 8/99
U-48.69
T-48.69
CX
NATM
PGoldsmith's
LGifts
^
D5/ 8/99
U-4.31
T-4.31
CX
NATM
PBlockbuster
LMovie Rental
^
D5/ 8/99
U-9.73
T-9.73
CX
NATM
PCircle K
LBeer
^
D5/ 9/99
U-2.80
T-2.80
CX
NATM
PKroger
LRecreation
^
D5/ 9/99
U-44.50
T-44.50
CX
NATM
PYoung Street Deli
LEntertain
^
D5/11/99
U-47.67
T-47.67
CX
NATM
PRendevous
LDining
^
D5/11/99
U-17.20
T-17.20
CX
NATM
PCircle K
LAuto Fuel
^
D5/11/99
U-12.42
T-12.42
CX
NATM
PCircle K
LAuto Fuel
^
D5/11/99
U-15.11
T-15.11
CX
NATM
PPiggly Wiggly
LGifts
^
D5/12/99
U-2.15
T-2.15
CX
NATM
PTarget
LRecreation
^
D5/12/99
U-15.08
T-15.08
CX
NATM
PSeessel's
LCash
^
D5/12/99
U-2.30
T-2.30
CX
NATM
PHome Depot
LHome Repair
^
D5/12/99
U-5.41
T-5.41
CX
NATM
PBlockbuster
LMovie Rental
^
D5/14/99
U-7.57
T-7.57
CX
NATM
PMapco
LBeer
^
D5/14/99
U-4.81
T-4.81
CX
NATM
PTexaco
LAuto Fuel
^
D5/14/99
U-4.59
T-4.59
CX
NATM
PPhillips 66
LAuto Fuel
^
D5/14/99
U-13.98
T-13.98
CX
N938
PPapa John's
LDining
^
D5/16/99
U-9.68
T-9.68
CX
NATM
PHome Depot
LHome Repair
^
D5/16/99
U-2.71
T-2.71
CX
NATM
PCone Oil
LFood
^
D5/17/99
U629.00
T629.00
CX
NDEP
PDeposit
LEli's Bills
^
D5/17/99
U870.00
T870.00
CX
NDEP
PDeposit
L1sting Income:County Q
^
D5/17/99
U495.00
T495.00
CX
NDEP
PDeposit:Sonny Burgess
L1sting Income:Independent
^
D5/17/99
U40.00
T40.00
CX
NDEP
PDeposit
L1sting Income:Beaird
^
D5/17/99
U-351.25
T-351.25
CX
NTXFR
PTransfer to Savings
MTaxes On Income
L[Suntrust Saving]
^
D5/17/99
U-13.20
T-13.20
CX
NATM
PUSPS
LEngineer Exp
^
D5/17/99
U-7.57
T-7.57
CX
NATM
PMapco
LBeer
^
D5/17/99
U-53.87
T-53.87
CX
N939
PNES
LUtilities
^
D5/17/99
U-28.00
T-28.00
CX
N940
PMetro Call
LBeeper
^
D5/17/99
U-66.48
T-66.48
CX
N941
PBell South
LTelephone
^
D5/17/99
U-215.33
T-215.33
CX
N942
PStudent Loan Servicing Center
LStudent Loans
^
D5/17/99
U-300.00
T-300.00
CX
N943
PCitibank
LTravel Expense
^
D5/17/99
U-25.00
T-25.00
CX
N944
PSierra Club
LCharity
^
D5/17/99
U0.00
T0.00
CX
N945
PVoid
^
D5/17/99
U-117.71
T-117.71
CX
N946
PMetro Water
LUtilities
^
D5/18/99
U-13.79
T-13.79
CX
NATM
PPetsmart
LPet Supplies
^
D5/18/99
U-16.23
T-16.23
CX
NATM
PMedia Play
LCDs
^
D5/18/99
U-50.00
T-50.00
CX
NATM
PHubcap Annie
LAuto Serv
^
D5/19/99
U-3.40
T-3.40
CX
NATM
PJohnson's Hardware
LLandscape
^
D5/19/99
U-24.91
T-24.91
CX
NATM
PKroger
LFood
^
D5/19/99
U-7.57
T-7.57
CX
NATM
PMapco
LBeer
^
D5/19/99
U-35.58
T-35.58
CX
NATM
PComp USA
LEngineer Exp
^
D5/19/99
U-11.76
T-11.76
CX
NATM
PCone Oil
LFood
^
D5/19/99
U-9.94
T-9.94
CX
NATM
PMapco
LBeer
^
D5/19/99
U-5.40
T-5.40
CX
N947
PSubway
LDining
^
D5/20/99
U-50.00
T-50.00
CX
NSched
POppenheimer
LInvest Exp
^
D5/21/99
U-23.92
T-23.92
CX
NATM
PShintomi
LDining
^
D5/22/99
U-46.71
T-46.71
CX
NATM
PKroger
LRecreation
^
D5/22/99
U-8.64
T-8.64
CX
NATM
PMapco
LBeer
^
D5/22/99
U-5.95
T-5.95
CX
NATM
PInternet
LEntertain
^
D5/23/99
U-95.32
T-95.32
CX
NATM
PLowe's
LHome Repair
^
D5/23/99
U-42.38
T-42.38
CX
NATM
PLowe's
LHome Repair
^
D5/24/99
U785.00
T785.00
CX
NDEP
PDeposit
L1sting Income:County Q
^
D5/24/99
U-23.12
T-23.12
CX
NATM
PLowe's
LHome Repair
^
D5/24/99
U-200.00
T-200.00
CX
NTXFR
PTransfer to Savings
MTaxes On Income
L[Suntrust Saving]
^
D5/24/99
U-9.85
T-9.85
CX
NATM
PHome Depot
LHome Repair
^
D5/25/99
U-31.00
T-31.00
CX
NATM
PWolfy's
^
D5/25/99
U-7.57
T-7.57
CX
NATM
PMapco
LBeer
^
D5/26/99
U-4.87
T-4.87
CX
N948
PRice Bowl
LDining
^
D5/27/99
U10.00
T10.00
CX
PBalance Adjustment
LMisc
^
D5/27/99
U-1.55
T-1.55
CX
PBalance Adjustment
LMisc
^
D5/27/99
U-0.05
T-0.05
CX
PBalance Adjustment
LMisc
^
D5/27/99
U-20.00
T-20.00
CX
NATM
PCash
LCash
^
D5/27/99
U-7.57
T-7.57
CX
NATM
PMapco
LBeer
^
D5/27/99
U-19.95
T-19.95
CX
NATM
PInternet
LEntertain
^
D5/27/99
U-51.40
T-51.40
CX
N949
PMeridian Insurance
LAuto Insurance
^
D5/27/99
U-23.40
T-23.40
CX
N950
PNashville Adjustment Bureau
LEli's Bills
^
D5/27/99
U-32.82
T-32.82
CX
N951
PIntermedia
LCable Tv
^
D5/27/99
U-184.50
T-184.50
CX
N952
PSandy Medd
LAccounting
^
D5/28/99
U-42.47
T-42.47
CX
NATM
PDarryl's
LDining
^
D5/28/99
U-7.57
T-7.57
CX
NATM
PMapco
LAuto Fuel
^
D5/28/99
U-310.55
T-310.55
CX
NATM
PAdvance Auto Parts
LAuto Repair
^
D5/29/99
U-7.77
T-7.77
CX
NATM
PMapco
LBeer
^
D5/29/99
U-5.00
T-5.00
CX
NATM
PMapco
LAuto Fuel
^
D5/30/99
U18.28
T18.28
CX
NATM
PAdvance Auto Parts
LReturn Merch
^
D5/31/99
U-3.24
T-3.24
CX
NATM
PVideo Place
LMovie Rental
^
D5/31/99
U-3.24
T-3.24
CX
NATM
PVideo Place
LMovie Rental
^
D5/31/99
U-35.60
T-35.60
CX
NATM
PKroger
LFood
^
D6/ 1/99
U287.94
T287.94
CX
NATM
PAdvance Auto Parts
LReturn Merch
^
D6/ 1/99
U-9.95
T-9.95
CX
NSched
PAOL
LAOL
^
D6/ 1/99
U-4.82
T-4.82
CX
NATM
PAction Nissan
LAuto Repair
^
D6/ 1/99
U-1.72
T-1.72
CX
NATM
PAuto Zone
LAuto Repair
^
D6/ 1/99
U-3.25
T-3.25
CX
NATM
PBearing Distributors
LAuto Repair
^
D6/ 1/99
U-3.23
T-3.23
CX
NATM
PVideo Place
LMovie Rental
^
D6/ 1/99
U-7.00
T-7.00
CX
NATM
PCone Oil
LAuto Fuel
^
D6/ 1/99
U-21.88
T-21.88
CX
NATM
PKroger
LFood
^
D6/ 2/99
U1,020.00
T1,020.00
CX
NDEP
PDeposit
L1sting Income:County Q
^
D6/ 2/99
U-250.00
T-250.00
CX
NTXFR
PTransfer to Savings
MTaxes On Income
L[Suntrust Saving]
^
D6/ 2/99
U-5.39
T-5.39
CX
NATM
PJohnson's Hardware
LAuto Repair
^
D6/ 2/99
U-19.98
T-19.98
CX
NATM
PMapco
LBeer
^
D6/ 2/99
U-9.02
T-9.02
CX
NATM
PJohnson's Hardware
LAuto Repair
^
D6/ 2/99
U-5.25
T-5.25
CX
NATM
PConcession Air
LBeer
^
D6/ 3/99
U28.30
T28.30
CX
NATM
PK & T Auto Parts
LReturn Merch
^
D6/ 3/99
U-10.00
T-10.00
CX
NSched
PChecking Service Fee
LBank Chrg
^
D6/ 3/99
U-16.70
T-16.70
CX
NATM
PAuto Zone
LAuto Repair
^
D6/ 3/99
U-42.74
T-42.74
CX
NATM
PK & T Auto Parts
LAuto Repair
^
D6/ 3/99
U-43.59
T-43.59
CX
NATM
PHome Depot
LHome Repair
^
D6/ 4/99
U-13.40
T-13.40
CX
NATM
PMapco
LBeer
^
D6/ 4/99
U-17.29
T-17.29
CX
NATM
PMapco
LBeer
^
D6/ 4/99
U-399.95
T-399.95
CX
N953
PMoulton Allen & Williams
LMortgage
^
D6/ 5/99
U-6.47
T-6.47
CX
NATM
PVideo Place
LMovie Rental
^
D6/ 5/99
U-28.00
T-28.00
CX
NATM
PShintomi
LDining
^
D6/ 5/99
U-34.58
T-34.58
CX
NATM
PHome Depot
LHome Repair
^
D6/ 5/99
U-7.57
T-7.57
CX
NATM
PJohnson's Hardware
LHome Repair
^
D6/ 6/99
U-109.84
T-109.84
CX
NATM
PFour Corners Marina
LRecreation
^
D6/ 6/99
U-37.87
T-37.87
CX
NATM
PKroger
LFood
^
D6/ 7/99
U185.00
T185.00
CX
NDEP
PDeposit
L1sting Income:County Q
^
D6/ 7/99
U-9.30
T-9.30
CX
NATM
PKroger
LFood
^
D6/ 7/99
U-9.68
T-9.68
CX
NATM
PHome Depot
LHome Repair
^
D6/ 7/99
U-49.65
T-49.65
CX
NATM
PBurlington Coat Factory
LClothing
^
D6/ 7/99
U-45.00
T-45.00
CX
NTXFR
PTransfer to Savings
MTaxes On Income
L[Suntrust Saving]
^
D6/ 7/99
U-8.38
T-8.38
CX
NATM
PKroger
LFood
^
D6/10/99
U-7.57
T-7.57
CX
NATM
PMapco
LBeer
^
D6/11/99
U-4.87
T-4.87
CX
N954
PRice Bowl
LDining
^
D6/12/99
U-13.09
T-13.09
CX
NATM
PMapco
LAuto Fuel
^
D6/12/99
U-7.57
T-7.57
CX
NATM
PMapco
LBeer
^
D6/12/99
U-22.25
T-22.25
CX
NATM
P12th And Porter
LDining
^
D6/13/99
U-11.89
T-11.89
CX
NATM
PMapco
LBeer
^
D6/14/99
U1,175.00
T1,175.00
CX
NDEP
PDeposit
L1sting Income:County Q
^
D6/14/99
U-294.00
T-294.00
CX
NTXFR
PTransfer to Savings
MTaxes On Income
L[Suntrust Saving]
^
D6/14/99
U-384.93
T-384.93
CX
N955
PCitibank
LTravel Expense
^
D6/14/99
U-57.39
T-57.39
CX
N956
PBell South
LTelephone
^
D6/14/99
U-23.46
T-23.46
CX
N957
PAmoco
LAuto Fuel
^
D6/14/99
U-57.50
T-57.50
CX
N958
PNES
LUtilities
^
D6/14/99
U-215.33
T-215.33
CX
N959
PStudent Loan Servicing Center
LStudent Loans
^
D6/14/99
U-65.58
T-65.58
CX
N960
PAllstate
LEli's Bills
^
D6/14/99
U-203.00
T-203.00
CX
N961
PFleet
LEli's Bills
^
D6/14/99
U-479.95
T-479.95
CX
N962
PSallie Mae
LEli's Bills
^
D6/14/99
U-152.34
T-152.34
CX
N963
PUS Dept Of Education
LEli's Bills
^
D6/15/99
U-4.57
T-4.57
CX
NATM
PMapco
LAuto Fuel
^
D6/15/99
U-11.23
T-11.23
CX
NATM
PMapco
LBeer
^
D6/16/99
U-10.80
T-10.80
CX
NATM
PTexaco
LAuto Fuel
^
D6/17/99
U-16.91
T-16.91
CX
NATM
PTexaco
LAuto Fuel
^
D6/18/99
U-13.83
T-13.83
CX
NATM
PWall Street Deli
LDining
^
D6/18/99
U-40.02
T-40.02
CX
NATM
PKroger
LFood
^
D6/18/99
U-28.99
T-28.99
CX
NATM
PHome Depot
LLandscape
^
D6/18/99
U-30.29
T-30.29
CX
NATM
PMedia Play
LCDs
^
D6/18/99
U-7.66
T-7.66
CX
NATM
PMosko's
LBeer
^
D6/18/99
U-4.32
T-4.32
CX
NATM
PTower Records
LEngineer Exp
^
D6/19/99
U-20.00
T-20.00
CX
NATM
PCash
LCash
^
D6/19/99
U-54.50
T-54.50
CX
NATM
PExit Inn
LEntertain
^
D6/19/99
U-18.47
T-18.47
CX
NATM
PMapco
LBeer
^
D6/20/99
U-12.34
T-12.34
CX
NATM
PLaHacienda
LDining
^
D6/20/99
U-30.95
T-30.95
CX
NATM
PNashville Pets
LPet Supplies
^
D6/20/99
U-5.00
T-5.00
CX
NATM
PRegal Cinemas
LEntertain
^
D6/20/99
U-50.00
T-50.00
CX
NSched
POppenheimer
LInvest Exp
^
D6/22/99
U750.00
T750.00
CX
NDEP
PDeposit
LEli's Bills
^
D6/22/99
U270.00
T270.00
CX
NDEP
PDeposit
L1sting Income:County Q
^
D6/22/99
U-67.00
T-67.00
CX
NTXFR
PTransfer to Savings
MTaxes On Income
L[Suntrust Saving]
^
D6/22/99
U-3.99
T-3.99
CX
NATM
PCone Oil
LEngineer Exp
^
D6/22/99
U-4.87
T-4.87
CX
N964
PRice Bowl
LDining
^
D6/25/99
U-16.18
T-16.18
CX
NATM
PMojo Grill
LDining
^
D6/25/99
U-13.25
T-13.25
CX
NATM
PBroadway Brewhouse
LBeer
^
D6/26/99
U-7.57
T-7.57
CX
NATM
PMapco
LBeer
^
D6/26/99
U-14.00
T-14.00
CX
NATM
PBuffalo Billiards
LBeer
^
D6/27/99
U-14.04
T-14.04
CX
NATM
PMapco
LAuto Fuel
^
D6/27/99
U-12.34
T-12.34
CX
NATM
PScot Market
LAuto Fuel
^
D6/27/99
U-11.86
T-11.86
CX
NATM
PJimmy's Minimarket
LBeer
^
D6/28/99
U935.00
T935.00
CX
NDEP
PDeposit
L1sting Income:County Q
^
D6/28/99
U-233.75
T-233.75
CX
NTXFR
PTransfer to Savings
MTaxes On Income
L[Suntrust Saving]
^
D6/28/99
U-51.40
T-51.40
CX
N965
PMeridian Insurance
LAuto Insurance
^
D6/28/99
U-30.68
T-30.68
CX
N966
PMetro Water
LUtilities
^
D6/28/99
U-32.82
T-32.82
CX
N967
PIntermedia
LCable Tv
^
D6/29/99
U-24.54
T-24.54
CX
NATM
PKroger
LFood
^
D6/29/99
U-19.95
T-19.95
CX
NATM
PInternet
LEntertain
^
D6/30/99
U-2.58
T-2.58
CX
NATM
PScot Market
LAuto Fuel
^
D6/30/99
U-15.25
T-15.25
CX
NATM
POutback
LDining
^
D6/30/99
U-38.50
T-38.50
CX
NATM
PGentleman Jim's
LBeer
^
D6/30/99
U-3.78
T-3.78
CX
N968
PSubway
LDining
^
D7/ 1/99
U-9.80
T-9.80
CX
NATM
PUSPS
LEngineer Exp
^
D7/ 1/99
U-9.18
T-9.18
CX
NATM
PMapco
LBeer
^
D7/ 1/99
U-21.65
T-21.65
CX
NATM
PGorrilla Muffler
LAuto Serv
^
D7/ 1/99
U-9.95
T-9.95
CX
NSched
PAOL
LAOL
^
D7/ 2/99
U415.00
T415.00
CX
NDEP
PDeposit
L1sting Income:County Q
^
D7/ 2/99
U500.00
T500.00
CX
NDEP
PDeposit
LEli's Bills
^
D7/ 2/99
U-104.00
T-104.00
CX
NTXFR
PTransfer to Savings
MTaxes On Income
L[Suntrust Saving]
^
D7/ 2/99
U-20.00
T-20.00
CX
NATM
PCash
LCash
^
D7/ 2/99
U-7.57
T-7.57
CX
NATM
PMapco
LBeer
^
D7/ 2/99
U-8.00
T-8.00
CX
NATM
PTexaco
LAuto Serv
^
D7/ 2/99
U-10.77
T-10.77
CX
N969
PRice Bowl
LDining
^
D7/ 3/99
U-4.32
T-4.32
CX
NATM
PBurlington Coat Factory
LClothing
^
D7/ 3/99
U-37.87
T-37.87
CX
NATM
PJumbo Sports
LClothing
^
D7/ 3/99
U-22.58
T-22.58
CX
NATM
PLuxury Linens
LHousehold
^
D7/ 3/99
U-27.65
T-27.65
CX
NATM
PHome Depot
LLandscape
^
D7/ 3/99
U-10.00
T-10.00
CX
NSched
PChecking Service Fee
LBank Chrg
^
D7/ 4/99
U-18.40
T-18.40
CX
NATM
PFireworks Supermarket
LEntertain
^
D7/ 4/99
U-32.42
T-32.42
CX
NATM
PTippecanoe
LEntertain
^
D7/ 4/99
U-40.03
T-40.03
CX
NATM
PKmart
LHousehold
^
D7/ 4/99
U-14.05
T-14.05
CX
NATM
PKroger
LFood
^
D7/ 5/99
U-9.74
T-9.74
CX
N970
PRice Bowl
LDining
^
D7/ 6/99
U-5.94
T-5.94
CX
NATM
PBatteries Plus
LHousehold
^
D7/ 6/99
U-399.95
T-399.95
CX
N971
PExtraco Mortgage
LMortgage
^
D7/ 6/99
U-215.33
T-215.33
CX
N972
PStudent Loan Servicing Center
LStudent Loans
^
D7/ 6/99
U-256.52
T-256.52
CX
N973
PAmerican National
LHealth Ins
^
D7/ 6/99
U-45.01
T-45.01
CX
N974
PBell South
LTelephone
^
D7/ 6/99
U-350.00
T-350.00
CX
N975
PCitibank
LTravel Expense
^
D7/ 6/99
U-461.04
T-461.04
CX
N976
PSuntrust Bank Card
LCredit Payment
^
D7/ 6/99
U-23.30
T-23.30
CX
N977
PCalypso
LDining
^
D7/ 7/99
U-7.57
T-7.57
CX
NATM
PMapco
LBeer
^
D7/ 7/99
U-125.00
T-125.00
CX
N978
PGeneral Session (Memphis Ticket)
LAuto Serv
^
D7/ 8/99
U-22.63
T-22.63
CX
NATM
PAdvance Auto Parts
LAuto Repair
^
D7/ 9/99
U-4.87
T-4.87
CX
N979
PRice Bowl
LDining
^
D7/10/99
U-10.79
T-10.79
CX
NATM
PWalgreens
LMedical
^
D7/10/99
U-7.57
T-7.57
CX
NATM
PMapco
LBeer
^
D7/10/99
U-7.99
T-7.99
CX
NATM
PCitgo
LBeer
^
D7/13/99
U665.00
T665.00
CX
NDEP
PDeposit
L1sting Income:County Q
^
D7/13/99
U40.00
T40.00
CX
NDEP
PJoe Kleeman Tip
LGift Received
^
D7/13/99
U-166.25
T-166.25
CX
NTXFR
PTransfer to Savings
MTaxes On Income
L[Suntrust Saving]
^
D7/14/99
U-10.80
T-10.80
CX
NATM
PMapco
LBeer
^
D7/14/99
U-5.51
T-5.51
CX
N980
PSubway
LDining
^
D7/15/99
U-5.25
T-5.25
CX
N981
PSubway
LDining
^
D7/16/99
U1,150.00
T1,150.00
CX
NDEP
PDeposit
L1sting Income:County Q
^
D7/16/99
U-287.50
T-287.50
CX
NTXFR
PTransfer to Savings
MTaxes On Income
L[Suntrust Saving]
^
D7/16/99
U-23.50
T-23.50
CX
NATM
PBroadway Brewhouse
LBeer
^
D7/16/99
U-9.50
T-9.50
CX
NATM
PMojo Grill
LDining
^
D7/16/99
U-10.15
T-10.15
CX
NATM
PMapco
LBeer
^
D7/16/99
U-2.15
T-2.15
CX
NATM
PAdvance Auto Parts
LAuto Repair
^
D7/17/99
U-10.35
T-10.35
CX
NATM
PCircle K
LAuto Fuel
^
D7/17/99
U-7.52
T-7.52
CX
NATM
PZeller Aircraft Corporation
LFlying Lessons
^
D7/17/99
U-27.12
T-27.12
CX
NATM
PKroger
LFood
^
D7/17/99
U-6.47
T-6.47
CX
NATM
PVideo Place
LMovie Rental
^
D7/18/99
U27.65
T27.65
CX
NATM
PHome Depot
LReturn Merch
^
D7/18/99
U-7.77
T-7.77
CX
NATM
PMapco
LBeer
^
D7/18/99
U-19.09
T-19.09
CX
NATM
PMapco
LBeer
^
D7/20/99
U-50.00
T-50.00
CX
NSched
POppenheimer
LInvest Exp
^
D7/20/99
U-3.44
T-3.44
CX
NATM
PCone Oil
LEngineer Exp
^
D7/20/99
U-103.29
T-103.29
CX
N982
PNES
LUtilities
^
D7/20/99
U-28.00
T-28.00
CX
N983
PMetro Call
LBeeper
^
D7/20/99
U-32.87
T-32.87
CX
N984
PMetro Water
LUtilities
^
D7/21/99
U-7.57
T-7.57
CX
NATM
PMapco
LBeer
^
D7/21/99
U-5.17
T-5.17
CX
NATM
POsborne's
LFood
^
D7/21/99
U-8.66
T-8.66
CX
NATM
PBass Tire
LAuto Serv
^
D7/21/99
U-24.80
T-24.80
CX
NATM
PRadio Shack
LEngineer Exp
^
D7/21/99
U-4.10
T-4.10
CX
NATM
PMapco
LBeer
^
D7/22/99
U-2.15
T-2.15
CX
NATM
PCone Oil
LEngineer Exp
^
D7/23/99
U400.00
T400.00
CX
NDEP
PDeposit
LEli's Bills
^
D7/23/99
U-21.60
T-21.60
CX
NATM
PBatteries Plus
LHousehold
^
D7/23/99
U-15.30
T-15.30
CX
NATM
PFlying J
LTravel Expense
^
D7/23/99
U-9.83
T-9.83
CX
NATM
PMapco
LBeer
^
D7/23/99
U-3.99
T-3.99
CX
N985
PSubway
LDining
^
D7/23/99
U-51.40
T-51.40
CX
N986
PMeridian Insurance
LAuto Insurance
^
D7/23/99
U-32.82
T-32.82
CX
N987
PIntermedia
LCable Tv
^
D7/24/99
U-102.00
T-102.00
CX
NATM
PCash
LCash
^
D7/24/99
U-1.25
T-1.25
CX
NATM
PATM Fee
LBastards
^
D7/24/99
U-20.00
T-20.00
CX
NATM
PShady Days
LTravel Expense
^
D7/24/99
U-4.00
T-4.00
CX
NATM
PShady Days
LTravel Expense
^
D7/24/99
U-22.50
T-22.50
CX
NATM
PSidestreet Grill
LDining
^
D7/25/99
U-33.37
T-33.37
CX
NATM
PStarfish Market
LBeer
^
D7/25/99
U-18.24
T-18.24
CX
NATM
PCinnamon Bay
LTravel Expense
^
D7/25/99
U-14.90
T-14.90
CX
NATM
PCinnamon Bay
LFood
^
D7/26/99
U-12.95
T-12.95
CX
NATM
PStiches II
LBeer
^
D7/27/99
U-10.88
T-10.88
CX
NATM
PStarfish Market
LFood
^
D7/28/99
U-42.45
T-42.45
CX
NATM
PPusser's
LTravel Expense
^
D7/28/99
U-19.95
T-19.95
CX
NEFT
PInternet Refund
^
D7/29/99
U-12.55
T-12.55
CX
NATM
PCinnamon Bay
LTravel Expense
^
D7/30/99
U-39.20
T-39.20
CX
NATM
PCoral Bay Watersports
LClothing
^
D7/30/99
U-25.20
T-25.20
CX
NATM
PCoral Bay Watersports
LClothing
^
D7/31/99
U-23.90
T-23.90
CX
NATM
PT Shirt Palace
LClothing
^
D8/ 1/99
U-9.95
T-9.95
CX
NSched
PAOL
LAOL
^
D8/ 1/99
U-101.35
T-101.35
CX
NATM
PCarribbean Host
LBeer
^
D8/ 2/99
U-35.02
T-35.02
CX
NATM
PKroger
LFood
^
D8/ 2/99
U-5.00
T-5.00
CX
NATM
PCone Oil
LAuto Fuel
^
D8/ 3/99
U810.00
T810.00
CX
NDEP
PDeposit
L1sting Income:County Q
^
D8/ 3/99
U-10.00
T-10.00
CX
NSched
PChecking Service Fee
LBank Chrg
^
D8/ 3/99
U-200.00
T-200.00
CX
NTXFR
PTransfer to Savings
MTaxes On Income
L[Suntrust Saving]
^
D8/ 3/99
U-10.80
T-10.80
CX
NATM
PMapco
LBeer
^
D8/ 3/99
U-432.00
T-432.00
CX
N988
PChuck Thompson
LTravel Expense
^
D8/ 3/99
U-399.95
T-399.95
CX
N989
PExtraco Mortgage
LMortgage
^
D8/ 3/99
U-88.48
T-88.48
CX
N990
PBell South
LTelephone
^
D8/ 3/99
U-215.33
T-215.33
CX
N991
PStudent Loan Servicing Center
LStudent Loans
^
D8/ 3/99
U0.00
T0.00
CX
N992
PVoid
^
D8/ 3/99
U-659.15
T-659.15
CX
N993
PCitibank
LTravel Expense
^
D8/ 4/99
U-6.70
T-6.70
CX
NATM
PMapco
LBeer
^
D8/ 4/99
U-5.25
T-5.25
CX
N994
PSubway
LDining
^
D8/ 4/99
U-10.77
T-10.77
CX
N995
PRice Bowl
LDining
^
D8/ 5/99
U-29.11
T-29.11
CX
NATM
PAlbertson's
LFood
^
D8/ 5/99
U-7.57
T-7.57
CX
NATM
PMapco
LBeer
^
D8/ 6/99
U-7.57
T-7.57
CX
NATM
PMapco
LBeer
^
D8/ 7/99
U59.85
T59.85
CX
NDEP
PInternet Refund
LDeposit Refunds
^
D8/ 7/99
U-1.30
T-1.30
CX
PBalance Adjustment
LMisc
^
D8/ 7/99
U-20.00
T-20.00
CX
PBalance Adjustment
LMisc
^
D8/ 7/99
U-21.89
T-21.89
CX
NATM
PKroger
LFood
^
D8/ 7/99
U-50.90
T-50.90
CX
NSched
PIntermedia@home
MCable Modem
LEngineer Exp
^
D8/ 8/99
U-8.64
T-8.64
CX
NATM
PMichael's
LHousehold
^
D8/ 8/99
U-17.16
T-17.16
CX
NATM
PBroadway Brewhouse
LBeer
^
D8/ 9/99
U500.00
T500.00
CX
NDEP
PDeposit
LEli's Bills
^
D8/ 9/99
U230.00
T230.00
CX
NDEP
PDeposit
L1sting Income:County Q
^
D8/ 9/99
U-6.46
T-6.46
CX
NATM
PLowe's
LHome Repair
^
D8/ 9/99
U-7.00
T-7.00
CX
NATM
PMapco
LAuto Fuel
^
D8/ 9/99
U-2.15
T-2.15
CX
NATM
PAdvance Auto Parts
LAuto Repair
^
D8/10/99
U2,500.00
T2,500.00
CX
NTXFR
PTransfer to Checking
L[Suntrust Saving]
^
D8/10/99
U-10.00
T-10.00
CX
NATM
PCash
LCash
^
D8/10/99
U-7.57
T-7.57
CX
NATM
PMapco
LBeer
^
D8/10/99
U-48.94
T-48.94
CX
NATM
PNashville Pets
LPet Supplies
^
D8/10/99
U-7.57
T-7.57
CX
NATM
PMapco
LBeer
^
D8/10/99
U-2,500.00
T-2,500.00
CX
N996
PVan Kamp Money Market
LInvest Exp
^
D8/12/99
U-7.57
T-7.57
CX
NATM
PMapco
LAuto Fuel
^
D8/12/99
U-6.16
T-6.16
CX
NATM
PMapco
LBeer
^
D8/12/99
U-18.36
T-18.36
CX
NATM
PWalgreens
LTravel Expense
^
D8/12/99
U-4.32
T-4.32
CX
NATM
PMichael's
LHousehold
^
D8/13/99
U-10.83
T-10.83
CX
NATM
PPhonoluxe
LCDs
^
D8/13/99
U-14.70
T-14.70
CX
NATM
PLaHacienda
LDining
^
D8/13/99
U-3.56
T-3.56
CX
NATM
PMapco
LBeer
^
D8/14/99
U-5.00
T-5.00
CX
NATM
PMapco
LAuto Fuel
^
D8/14/99
U-8.85
T-8.85
CX
NATM
PMapco
LBeer
^
D8/15/99
U-86.55
T-86.55
CX
NATM
PComp USA
LEngineer Exp
^
D8/15/99
U-23.36
T-23.36
CX
NATM
PKroger
LFood
^
D8/15/99
U-4.42
T-4.42
CX
NATM
PKroger
LFood
^
D8/16/99
U440.00
T440.00
CX
NDEP
PDeposit
L1sting Income:County Q
^
D8/16/99
U400.00
T400.00
CX
NDEP
PDeposit
LEli's Bills
^
D8/16/99
U-7.50
T-7.50
CX
NATM
PMapco
LAuto Fuel
^
D8/16/99
U-110.00
T-110.00
CX
NTXFR
PTransfer to Savings
MTaxes On Income
L[Suntrust Saving]
^
D8/16/99
U-6.00
T-6.00
CX
NATM
PMapco
LAuto Fuel
^
D8/16/99
U-90.23
T-90.23
CX
N997
PNES
LUtilities
^
D8/16/99
U-60.00
T-60.00
CX
N998
PCounty Clerk
LAuto Serv
^
D8/17/99
U-7.57
T-7.57
CX
NATM
PMapco
LFood
^
D8/18/99
U-8.34
T-8.34
CX
NATM
PMapco
LFood
^
D8/18/99
U-7.57
T-7.57
CX
NATM
PMapco
LFood
^
D8/19/99
U-15.14
T-15.14
CX
NATM
PKroger
LFood
^
D8/20/99
U-50.00
T-50.00
CX
NSched
POppenheimer
LInvest Exp
^
D8/20/99
U-8.41
T-8.41
CX
NATM
PMapco
LFood
^
D8/20/99
U-12.06
T-12.06
CX
NATM
PPruetts
LFood
^
D8/20/99
U-6.00
T-6.00
CX
NATM
PSmoke-1
LCigars
^
D8/20/99
U-42.47
T-42.47
CX
NATM
PKudzu Grill
LDining
^
D8/22/99
U-89.80
T-89.80
CX
NATM
PKings Lodge
LTravel Expense
^
D8/22/99
U-9.33
T-9.33
CX
NATM
PKroger
LFood
^
D8/23/99
U-1.50
T-1.50
CX
NATM
PWalgreens
LTravel Expense
^
D8/23/99
U-7.57
T-7.57
CX
NATM
PMapco
LBeer
^
D8/24/99
U425.00
T425.00
CX
NDEP
PDeposit
L1sting Income:County Q
^
D8/24/99
U45.00
T45.00
CX
NDEP
PDeposit
LMastering
^
D8/24/99
U-106.25
T-106.25
CX
NTXFR
PTransfer to Savings
MTaxes On Income
L[Suntrust Saving]
^
D8/24/99
U-23.00
T-23.00
CX
NATM
PMojo Grill
LDining
^
D8/25/99
U-19.50
T-19.50
CX
NATM
PPuffing Billy's
LBeer
^
D8/25/99
U-11.12
T-11.12
CX
NATM
PJohnson's Hardware
LHome Repair
^
D8/25/99
U-3.00
T-3.00
CX
NATM
PVideo Inc
LMovie Rental
^
D8/25/99
U-51.40
T-51.40
CX
N999
PMeridian Insurance
LAuto Insurance
^
D8/25/99
U-40.06
T-40.06
CX
N1000
PIntermedia
LCable Tv
^
D8/25/99
U-30.68
T-30.68
CX
N1001
PMetro Water
LUtilities
^
D8/26/99
U-6.16
T-6.16
CX
NATM
PMapco
LBeer
^
D8/26/99
U-45.53
T-45.53
CX
NATM
PAlbertson's
LFood
^
D8/31/99
U515.00
T515.00
CX
NDEP
PDeposit
L1sting Income:County Q
^
D8/31/99
U-128.75
T-128.75
CX
NTXFR
PTransfer to Savings
MTaxes On Income
L[Suntrust Saving]
^
D8/31/99
U-7.57
T-7.57
CX
NATM
PMapco
LBeer
^
D8/31/99
U-5.29
T-5.29
CX
NATM
PCountry Store
LFood
^
D8/31/99
U-7.48
T-7.48
CX
N1002
PPapa John's
LDining
^
D8/31/99
U-5.25
T-5.25
CX
N1003
PSubway
LDining
^
D9/ 1/99
U-20.00
T-20.00
CX
NATM
PCash
LCash
^
D9/ 1/99
U-13.37
T-13.37
CX
NATM
PCone Oil
LAuto Fuel
^
D9/ 1/99
U-16.54
T-16.54
CX
NATM
PCone Oil
LAuto Fuel
^
D9/ 1/99
U-9.95
T-9.95
CX
NSched
PAOL
LAOL
^
D9/ 2/99
U-8.91
T-8.91
CX
NATM
PChevron
LBeer
^
D9/ 3/99
U250.00
T250.00
CX
NDEP
PDeposit
L1sting Income:Other
^
D9/ 3/99
U-60.00
T-60.00
CX
NATM
PCash
LEli's Bills
^
D9/ 3/99
U-60.00
T-60.00
CX
NTXFR
PTransfer to Savings
MTaxes On Income
L[Suntrust Saving]
^
D9/ 3/99
U-2.66
T-2.66
CX
NATM
POsborne's
LFood
^
D9/ 3/99
U-3.67
T-3.67
CX
NATM
PMapco
LFood
^
D9/ 3/99
U-5.01
T-5.01
CX
NATM
PScot Market
LAuto Fuel
^
D9/ 3/99
U-2.91
T-2.91
CX
NATM
POsborne's
LFood
^
D9/ 3/99
U-10.00
T-10.00
CX
NSched
PChecking Service Fee
LBank Chrg
^
D9/ 3/99
U-38.76
T-38.76
CX
N1004
PAmoco
LAuto Fuel
^
D9/ 3/99
U-230.00
T-230.00
CX
N1005
PStudent Loan Servicing Center
LStudent Loans
^
D9/ 3/99
U-129.24
T-129.24
CX
N1006
PBell South
LTelephone
^
D9/ 3/99
U-399.95
T-399.95
CX
N1007
PExtraco Mortgage
LMortgage
^
D9/ 3/99
U-7.48
T-7.48
CX
N1008
PPapa John's
LDining
^
D9/ 4/99
U-286.83
T-286.83
CX
NATM
PCircuit City
LEntertain
^
D9/ 4/99
U-11.02
T-11.02
CX
NATM
PMapco
LBeer
^
D9/ 5/99
U-10.22
T-10.22
CX
NATM
POsborne's
LFood
^
D9/ 5/99
U-2.15
T-2.15
CX
NATM
PMapco
LFood
^
D9/ 5/99
U-18.17
T-18.17
CX
NATM
PWilliams
LAuto Fuel
^
D9/ 6/99
U-15.79
T-15.79
CX
NATM
PKroger
LFood
^
D9/ 6/99
U-6.79
T-6.79
CX
NATM
PAdvance Auto Parts
LAuto Repair
^
D9/ 6/99
U-2.13
T-2.13
CX
N1009
PDollar General
LHousehold
^
D9/ 7/99
U-54.11
T-54.11
CX
NATM
PSprint PCS
MPJ's B-day
LEngineer Exp
^
D9/ 7/99
U-50.90
T-50.90
CX
NSched
PIntermedia@home
MCable Modem
LEngineer Exp
^
D9/ 8/99
U500.00
T500.00
CX
NDEP
PDeposit
LEli's Bills
^
D9/ 8/99
U305.00
T305.00
CX
NDEP
PDeposit
L1sting Income:County Q
^
D9/ 8/99
U-60.00
T-60.00
CX
NTXFR
PTransfer to Savings
MTaxes On Income
L[Suntrust Saving]
^
D9/ 8/99
U-76.96
T-76.96
CX
NATM
PKroger
Mcash for pam's bday present
LFood
^
D9/ 8/99
U-6.60
T-6.60
CX
NATM
PUSPS
LEngineer Exp
^
D9/ 8/99
U-9.72
T-9.72
CX
NATM
PMapco
LBeer
^
D9/ 8/99
U-10.88
T-10.88
CX
N1010
PUS 1.75
LHousehold
^
D9/ 9/99
U-7.57
T-7.57
CX
NATM
PMapco
LFood
^
D9/ 9/99
U-7.48
T-7.48
CX
N1011
PPapa John's
LDining
^
D9/10/99
U-4.87
T-4.87
CX
N1012
PRice Bowl
LDining
^
D9/10/99
U-22.71
T-22.71
CX
N1013
PBerry Hill Liquor
LBeer
^
D9/11/99
U-64.42
T-64.42
CX
NATM
PSole Mio
LDining
^
D9/11/99
U-40.02
T-40.02
CX
NATM
PColonial Liquor
LParty Expense
^
D9/11/99
U-71.08
T-71.08
CX
NATM
PKroger
LParty Expense
^
D9/12/99
U-7.57
T-7.57
CX
NATM
PMapco
LBeer
^
D9/13/99
U145.00
T145.00
CX
NDEP
PDeposit
L1sting Income:County Q
^
D9/13/99
U170.00
T170.00
CX
NDEP
PDeposit
LMastering:Beaird Music
^
D9/13/99
U75.00
T75.00
CX
NDEP
PDeposit
LEli's Bills
^
D9/13/99
U500.00
T500.00
CX
NTXFR
PTransfer to Checking
L[Suntrust Saving]
^
D9/13/99
U993.00
T993.00
CX
NDEP
PJodi's St. John Trip
LEli's Bills
^
D9/13/99
U-60.00
T-60.00
CX
NTXFR
PTransfer to Savings
MTaxes On Income
L[Suntrust Saving]
^
D9/13/99
U-1,750.58
T-1,750.58
CX
N1014
PSuntrust Bank Card
LVacation
^
D9/14/99
U-7.57
T-7.57
CX
NATM
PMapco
LBeer
^
D9/14/99
U-100.00
T-100.00
CX
N1015
PStephen Thompson
LEli's Bills
^
D9/15/99
U-3.76
T-3.76
CX
NATM
PMapco
LBeer
^
D9/15/99
U-12.80
T-12.80
CX
NATM
PKwik Sak
LBeer
^
D9/16/99
U-4.87
T-4.87
CX
N1016
PRice Bowl
LDining
^
D9/17/99
U-10.59
T-10.59
CX
NATM
PMapco
LBeer
^
D9/17/99
U-10.83
T-10.83
CX
NATM
PBass Tire
LAuto Serv
^
D9/17/99
U-4.85
T-4.85
CX
NATM
PMapco
LBeer
^
D9/18/99
U-25.42
T-25.42
CX
NATM
PMapco
LBeer
^
D9/18/99
U-4.87
T-4.87
CX
N1017
PRice Bowl
LDining
^
D9/20/99
U555.00
T555.00
CX
NDEP
PDeposit
L1sting Income:County Q
^
D9/20/99
U50.00
T50.00
CX
NDEP
PDeposit
L1sting Income:Other
^
D9/20/99
U45.00
T45.00
CX
NDEP
PDeposit
LEli's Bills
^
D9/20/99
U-50.00
T-50.00
CX
NSched
POppenheimer
LInvest Exp
^
D9/20/99
U-138.75
T-138.75
CX
NTXFR
PTransfer to Savings
MTaxes On Income
L[Suntrust Saving]
^
D9/20/99
U-4.32
T-4.32
CX
NATM
PRadio Shack
LEngineer Exp
^
D9/20/99
U-30.00
T-30.00
CX
N1018
PMetro Call
LBeeper
^
D9/20/99
U0.00
T0.00
CX
N1019
PMeridian Insurance
LAuto Insurance
^
D9/20/99
U-36.90
T-36.90
CX
N1020
PLiberty Mutual
LAuto Insurance
^
D9/20/99
U-111.43
T-111.43
CX
N1021
PNES
LUtilities
^
D9/20/99
U-16.00
T-16.00
CX
N1022
PHearth & Grill Shop
LHousehold
^
D9/20/99
U-10.88
T-10.88
CX
N1023
PUS 1.75
LHousehold
^
D9/21/99
U-2.14
T-2.14
CX
NATM
PLaHacienda
LFood
^
D9/21/99
U-3.56
T-3.56
CX
NATM
PVideo Place
LMovie Rental
^
D9/21/99
U-13.08
T-13.08
CX
NATM
PKroger
LFood
^
D9/22/99
U-16.89
T-16.89
CX
NATM
PArcade Smoke Shop
LCigars
^
D9/22/99
U-21.28
T-21.28
CX
NATM
PRoyal Thai
LDining
^
D9/22/99
U-28.99
T-28.99
CX
NATM
PKroger
LFood
^
D9/22/99
U-2.15
T-2.15
CX
NATM
PKroger
LGifts
^
D9/22/99
U-3.56
T-3.56
CX
NATM
PVideo Place
LMovie Rental
^
D9/23/99
U-7.57
T-7.57
CX
NATM
PMapco
LBeer
^
D9/23/99
U-40.00
T-40.00
CX
NATM
PBuffalo Billiards
LBeer
^
D9/24/99
U-50.06
T-50.06
CX
NATM
PShintomi
LDining
^
D9/25/99
U-61.50
T-61.50
CX
NATM
PCash
LCash
^
D9/25/99
U-1.25
T-1.25
CX
NATM
PATM Fee
LBastards
^
D9/25/99
U-7.56
T-7.56
CX
NATM
PRocky Top
LBeer
^
D9/26/99
U-5.40
T-5.40
CX
NATM
PMedia Play
LCDs
^
D9/27/99
U860.00
T860.00
CX
NDEP
PDeposit
L1sting Income:County Q
^
D9/27/99
U-215.00
T-215.00
CX
NTXFR
PTransfer to Savings
MTaxes On Income
L[Suntrust Saving]
^
D9/27/99
U-7.57
T-7.57
CX
NATM
PMapco
LBeer
^
D9/27/99
U0.00
T0.00
CX
N1024
PVoid
^
D9/28/99
U-7.57
T-7.57
CX
NATM
PMapco
LBeer
^
D9/28/99
U-97.41
T-97.41
CX
NATM
PH. H. Gregg
LEngineer Exp
^
D9/29/99
U-350.00
T-350.00
CX
NATM
PCash
LCash
^
D9/29/99
U-79.01
T-79.01
CX
N1025
PMetro Water
LUtilities
^
D9/29/99
U-41.12
T-41.12
CX
N1026
PIntermedia
LCable Tv
^
D9/29/99
U-256.52
T-256.52
CX
N1027
PAmerican National
LHealth Ins
^
D9/30/99
U97.41
T97.41
CX
NATM
PH. H. Gregg
LReturn Merch
^
D9/30/99
U-11.90
T-11.90
CX
NATM
PTower Records
LEngineer Exp
^
D10/ 1/99
U-91.97
T-91.97
CX
NATM
POffice Depot
LEngineer Exp
^
D10/ 1/99
U-9.95
T-9.95
CX
NSched
PAOL
LAOL
^
D10/ 1/99
U-10.59
T-10.59
CX
NATM
PMapco
LBeer
^
D10/ 1/99
U-10.81
T-10.81
CX
NATM
PComp USA
LEngineer Exp
^
D10/ 2/99
U-12.97
T-12.97
CX
NATM
PMapco
LBeer
^
D10/ 2/99
U-4.51
T-4.51
CX
NATM
PMapco
LBeer
^
D10/ 2/99
U-20.38
T-20.38
CX
NATM
PLowe's
LLandscape
^
D10/ 3/99
U-10.00
T-10.00
CX
NSched
PChecking Service Fee
LBank Chrg
^
D10/ 3/99
U-19.00
T-19.00
CX
NATM
PThe Boro
LBeer
^
D10/ 3/99
U-6.81
T-6.81
CX
NATM
PTexaco
LAuto Serv
^
D10/ 4/99
U250.00
T250.00
CX
NDEP
PDeposit
LEli's Bills
^
D10/ 4/99
U120.00
T120.00
CX
NDEP
PDeposit
L1sting Income:County Q
^
D10/ 4/99
U600.00
T600.00
CX
NDEP
PDeposit
LEli's Bills
^
D10/ 4/99
U-3.67
T-3.67
CX
NATM
PScot Market
LBeer
^
D10/ 4/99
U-14.92
T-14.92
CX
NATM
PSwifty Gas
LAuto Fuel
^
D10/ 4/99
U-11.90
T-11.90
CX
NATM
PTower Records
LEngineer Exp
^
D10/ 5/99
U-7.12
T-7.12
CX
NATM
PVideo Place
LMovie Rental
^
D10/ 5/99
U-399.95
T-399.95
CX
N1028
PExtraco Mortgage
LMortgage
^
D10/ 5/99
U-33.75
T-33.75
CX
N1029
PFed Ex
LEngineer Exp
^
D10/ 6/99
U11.90
T11.90
CX
NDEP
PTower Records
LReturn Merch
^
D10/ 6/99
U-22.23
T-22.23
CX
NATM
PAdvance Auto Parts
LAuto Repair
^
D10/ 7/99
U-50.90
T-50.90
CX
NSched
PIntermedia@home
MCable Modem
LEngineer Exp
^
D10/ 7/99
U-10.91
T-10.91
CX
NATM
PCooker
LDining
^
D10/ 7/99
U-47.75
T-47.75
CX
NATM
PMasquarade
LEntertain
^
D10/ 7/99
U-8.83
T-8.83
CX
NATM
PK & T Auto Parts
LAuto Repair
^
D10/ 7/99
U-7.00
T-7.00
CX
NATM
PChevron
LAuto Fuel
^
D10/ 8/99
U-20.00
T-20.00
CX
NATM
PCash
LCash
^
D10/ 8/99
U-20.00
T-20.00
CX
NATM
PCash
LCash
^
D10/ 9/99
U-11.95
T-11.95
CX
NATM
PMajik Market
LAuto Fuel
^
D10/ 9/99
U-2.71
T-2.71
CX
NATM
PSamraf Amoco
LFood
^
D10/ 9/99
U-12.00
T-12.00
CX
NATM
PRacetrack
LAuto Fuel
^
D10/ 9/99
U-171.84
T-171.84
CX
N1030
PBell South
LTelephone
^
D10/ 9/99
U-115.33
T-115.33
CX
N1031
PStudent Loan Servicing Center
LStudent Loans
^
D10/ 9/99
U-2.40
T-2.40
CX
N1032
PMetro Call
LBeeper
^
D10/ 9/99
U-51.47
T-51.47
CX
N1033
PSprint PCS
MPJ's B-day
LEngineer Exp
^
D10/10/99
U-21.25
T-21.25
CX
NATM
PKroger
LFood
^
D10/10/99
U-3.56
T-3.56
CX
NATM
PVideo Place
LMovie Rental
^
D10/12/99
U165.00
T165.00
CX
NDEP
PDeposit
L1sting Income:County Q
^
D10/12/99
U200.00
T200.00
CX
NDEP
PDeposit
LEli's Bills
^
D10/12/99
U414.75
T414.75
CX
NDEP
PDeposit
LMastering:Beaird Music
^
D10/12/99
U-144.94
T-144.94
CX
NTXFR
PTransfer to Savings
MTaxes On Income
L[Suntrust Saving]
^
D10/15/99
U-6.48
T-6.48
CX
NATM
PMapco
LBeer
^
D10/16/99
U-59.52
T-59.52
CX
NATM
PSports & Recreation
LClothing
^
D10/16/99
U-28.12
T-28.12
CX
NATM
PBabies R Us
LGifts
^
D10/16/99
U-4.49
T-4.49
CX
NATM
PMichael's
LHousehold
^
D10/16/99
U-7.57
T-7.57
CX
NATM
PMapco
LBeer
^
D10/17/99
U-13.65
T-13.65
CX
NATM
PKroger
LFood
^
D10/18/99
U635.00
T635.00
CX
NDEP
PDeposit
L1sting Income:County Q
^
D10/18/99
U40.00
T40.00
CX
NDEP
PDeposit
L1sting Income:Other
^
D10/18/99
U-158.75
T-158.75
CX
NTXFR
PTransfer to Savings
MTaxes On Income
L[Suntrust Saving]
^
D10/18/99
U-8.58
T-8.58
CX
NATM
PKroger
LFood
^
D10/18/99
U-7.12
T-7.12
CX
NATM
PVideo Place
LMovie Rental
^
D10/18/99
U-8.14
T-8.14
CX
N1034
PPapa John's
LDining
^
D10/18/99
U-373.89
T-373.89
CX
N1035
PSuntrust Bank Card
LDining
^
D10/19/99
U-7.57
T-7.57
CX
NATM
PMapco
LBeer
^
D10/19/99
U-8.42
T-8.42
CX
NATM
PMars
LEngineer Exp
^
D10/19/99
U-69.85
T-69.85
CX
N1036
PNES
LUtilities
^
D10/20/99
U-50.00
T-50.00
CX
NSched
POppenheimer
LInvest Exp
^
D10/21/99
U-9.72
T-9.72
CX
NATM
PPhillips' Deli
LDining
^
D10/21/99
U-2.00
T-2.00
CX
NATM
PAmoco
LAuto Fuel
^
D10/21/99
U-13.81
T-13.81
CX
NATM
PSwifty Gas
LAuto Fuel
^
D10/22/99
U-5.89
T-5.89
CX
NATM
PUnion 5 Coffee Shop
LDining
^
D10/22/99
U-5.39
T-5.39
CX
NATM
PMapco
LBeer
^
D10/23/99
U16.89
T16.89
CX
NATM
PTobacco Road
LCigars
^
D10/23/99
U-16.89
T-16.89
CX
NATM
PTobacco Road
LCigars
^
D10/23/99
U-17.99
T-17.99
CX
NATM
PKroger
LFood
^
D10/23/99
U-9.08
T-9.08
CX
NATM
PValue Plus
LFood
^
D10/23/99
U-54.13
T-54.13
CX
NATM
PPhonoluxe
LCDs
^
D10/23/99
U-7.57
T-7.57
CX
NATM
PMapco
LBeer
^
D10/23/99
U-48.00
T-48.00
CX
NATM
PBosco's
LBeer
^
D10/23/99
U-19.65
T-19.65
CX
NATM
PTobacco Road
LCigars
^
D10/24/99
U-15.40
T-15.40
CX
NATM
PNew Asia Restaraunt
LDining
^
D10/24/99
U-35.53
T-35.53
CX
NATM
PGarden Ridge
LHousehold
^
D10/24/99
U-11.43
T-11.43
CX
NATM
PVideo Place
LMovie Rental
^
D10/24/99
U-10.80
T-10.80
CX
NATM
PKroger
LFood
^
D10/25/99
U650.00
T650.00
CX
NDEP
PDeposit
MRichard Donahue
L1sting Income:Independent
^
D10/25/99
U575.00
T575.00
CX
NDEP
PDeposit
L1sting Income:County Q
^
D10/25/99
U75.00
T75.00
CX
PIRA Transfer
L[Unspecified Account]
^
D10/25/99
U-306.25
T-306.25
CX
NTXFR
PTransfer to Savings
MTaxes On Income
L[Suntrust Saving]
^
D10/25/99
U-33.25
T-33.25
CX
NATM
PMid State Door & Window
LHome Repair
^
D10/26/99
U-7.57
T-7.57
CX
NATM
PMapco
LBeer
^
D10/27/99
U-73.07
T-73.07
CX
NATM
PShell
LAuto Serv
^
D10/27/99
U-15.11
T-15.11
CX
NATM
PValue Plus
LFood
^
D10/29/99
U-7.57
T-7.57
CX
NATM
PMapco
LBeer
^
D10/29/99
U-96.00
T-96.00
CX
N1037
PBrentwood Veterinary Clinic
LAnimal care
^
D10/30/99
U-8.00
T-8.00
CX
NATM
PFavorite Market
LBeer
^
D10/30/99
U-11.99
T-11.99
CX
NATM
PUniversity Liquors
LBeer
^
D10/30/99
U-11.24
T-11.24
CX
NATM
PFavorite Market
LBeer
^
D10/30/99
U-14.06
T-14.06
CX
NATM
PStephano's
LDining
^
D10/30/99
U-5.17
T-5.17
CX
NATM
PVideo Place
LMovie Rental
^
D10/30/99
U-17.33
T-17.33
CX
NATM
PKroger
LFood
^
D10/30/99
U-60.14
T-60.14
CX
NATM
PSuper 8
LTravel Expense
^
D11/ 1/99
U-9.95
T-9.95
CX
NSched
PAOL
LAOL
^
D11/ 1/99
U-10.00
T-10.00
CX
NATM
PCash
LCash
^
D11/ 1/99
U-5.36
T-5.36
CX
N1038
PRice Bowl
LDining
^
D11/ 2/99
U640.00
T640.00
CX
NDEP
PDeposit
L1sting Income:County Q
^
D11/ 2/99
U32.48
T32.48
CX
NATM
PHome Depot
LReturn Merch
^
D11/ 2/99
U-120.00
T-120.00
CX
NTXFR
PTransfer to Savings
MTaxes On Income
L[Suntrust Saving]
^
D11/ 2/99
U-11.56
T-11.56
CX
NATM
PMapco
LBeer
^
D11/ 2/99
U-0.25
T-0.25
CX
PBalance Adjustment
LMisc
^
D11/ 3/99
U-10.00
T-10.00
CX
NSched
PChecking Service Fee
LBank Chrg
^
D11/ 3/99
U-25.00
T-25.00
CX
N1039
PSierra Club
LCharity
^
D11/ 3/99
U-5.00
T-5.00
CX
N1040
PNashville Public Radio
LCharity
^
D11/ 3/99
U-30.00
T-30.00
CX
N1041
PLiberty Mutual
LAuto Insurance
^
D11/ 3/99
U-200.00
T-200.00
CX
N1042
PStudent Loan Servicing Center
LStudent Loans
^
D11/ 3/99
U-15.00
T-15.00
CX
N1043
PNashville Union Mission
LCharity
^
D11/ 3/99
U-5.75
T-5.75
CX
N1044
PSuntrust Bank Card
LCigars
^
D11/ 3/99
U-63.15
T-63.15
CX
N1045
PCitibank
LTravel Expense
^
D11/ 3/99
U-131.91
T-131.91
CX
N1046
PBell South
LTelephone
^
D11/ 3/99
U-40.57
T-40.57
CX
N1047
PSprint PCS
MPJ's B-day
LEngineer Exp
^
D11/ 3/99
U-25.00
T-25.00
CX
N1048
PDefenders Of Wildlife
LCharity
^
D11/ 3/99
U-16.32
T-16.32
CX
N1049
PKroger
LBeer
^
D11/ 5/99
U-7.57
T-7.57
CX
NATM
PMapco
LBeer
^
D11/ 5/99
U-21.57
T-21.57
CX
NATM
PKroger
LFood
^
D11/ 5/99
U-21.80
T-21.80
CX
NATM
PSherlock Holmes Pub
LBeer
^
D11/ 5/99
U-42.00
T-42.00
CX
NATM
PGold Rush
LEntertain
^
D11/ 6/99
U-491.86
T-491.86
CX
NATM
PHome Depot
LHome Repair
^
D11/ 6/99
U-7.13
T-7.13
CX
NATM
PScot Market
LBeer
^
D11/ 6/99
U-43.30
T-43.30
CX
NATM
PPhonoluxe
LCDs
^
D11/ 6/99
U-22.01
T-22.01
CX
NATM
PApplebee's
LDining
^
D11/ 6/99
U-7.57
T-7.57
CX
NATM
PKroger
LBeer
^
D11/ 7/99
U-50.90
T-50.90
CX
NSched
PIntermedia@home
MCable Modem
LEngineer Exp
^
D11/ 7/99
U-7.57
T-7.57
CX
NATM
PMapco
LBeer
^
D11/ 8/99
U525.00
T525.00
CX
NDEP
PDeposit
L1sting Income:County Q
^
D11/ 8/99
U-125.00
T-125.00
CX
NTXFR
PTransfer to Savings
MTaxes On Income
L[Suntrust Saving]
^
D11/ 8/99
U-13.20
T-13.20
CX
NATM
PUSPS
LEngineer Exp
^
D11/ 8/99
U-399.95
T-399.95
CX
N1050
PExtraco Mortgage
LMortgage
^
D11/ 9/99
U-5.56
T-5.56
CX
N1051
PRice Bowl
LDining
^
D11/ 9/99
U0.00
T0.00
CX
N1052
PVoid
^
D11/10/99
U300.00
T300.00
CX
NDEP
PDeposit
LEli's Bills
^
D11/10/99
U-70.35
T-70.35
CX
NATM
PCircuit City
LEngineer Exp
^
D11/11/99
U-24.00
T-24.00
CX
NATM
PSiam Cafe
LDining
^
D11/11/99
U-5.94
T-5.94
CX
NATM
PCircle K
LAuto Fuel
^
D11/12/99
U-52.84
T-52.84
CX
NATM
PMarket Street Brewery
LEntertain
^
D11/12/99
U-4.00
T-4.00
CX
NATM
PBanana Joe's
LBeer
^
D11/13/99
U-11.42
T-11.42
CX
NATM
PVideo Place
LMovie Rental
^
D11/13/99
U-33.24
T-33.24
CX
NATM
PKroger
LFood
^
D11/14/99
U-25.14
T-25.14
CX
NATM
PAdvance Auto Parts
LAuto Repair
^
D11/15/99
U905.00
T905.00
CX
NDEP
PDeposit
L1sting Income:County Q
^
D11/15/99
U70.35
T70.35
CX
NATM
PCircuit City
LReturn Merch
^
D11/15/99
U-9.71
T-9.71
CX
NATM
PWalgreens
LHousehold
^
D11/15/99
U-220.00
T-220.00
CX
NTXFR
PTransfer to Savings
MTaxes On Income
L[Suntrust Saving]
^
D11/15/99
U-3.00
T-3.00
CX
NATM
PMapco
LAuto Fuel
^
D11/15/99
U-4.00
T-4.00
CX
NATM
PUSPS
LEngineer Exp
^
D11/15/99
U-67.95
T-67.95
CX
N1053
PSharp Electronics
LEngineer Exp
^
D11/15/99
U-3.99
T-3.99
CX
N1054
PSubway
LDining
^
D11/16/99
U400.00
T400.00
CX
NDEP
PDeposit
LEli's Bills
^
D11/16/99
U-43.28
T-43.28
CX
NATM
PComp USA
Mcd's
LEngineer Exp
^
D11/16/99
U-11.02
T-11.02
CX
NATM
PMapco
LAuto Fuel
^
D11/16/99
U-3.56
T-3.56
CX
NATM
PVideo Place
LMovie Rental
^
D11/17/99
U-10.66
T-10.66
CX
NATM
PKroger
LFood
^
D11/17/99
U-3.56
T-3.56
CX
NATM
PVideo Place
LMovie Rental
^
D11/17/99
U-5.36
T-5.36
CX
N1055
PRice Bowl
LDining
^
D11/17/99
U-14.57
T-14.57
CX
N1056
PMetro Call
LBeeper
^
D11/17/99
U-29.94
T-29.94
CX
N1057
PMetro Water
LUtilities
^
D11/17/99
U-92.81
T-92.81
CX
N1058
PIntermedia
LCable Tv
^
D11/17/99
U-64.88
T-64.88
CX
N1059
PNES
LUtilities
^
D11/18/99
U365.00
T365.00
CX
NDEP
PDeposit
L1sting Income:County Q
^
D11/18/99
U-80.00
T-80.00
CX
NTXFR
PTransfer to Savings
MTaxes On Income
L[Suntrust Saving]
^
D11/18/99
U-13.93
T-13.93
CX
NATM
